2872 5028
249 391 290 454 46
410 397 448 455 ΙΙ.
466 397 541 454 Pars.
560 397 601 454 De
619 393 778 454 Formarum
798 397 933 455 doctrina.
951 398 989 454 Π.
1007 395 1075 470 Cap.
1092 399 1134 456 Do
1152 399 1263 457 Verbis.

239 567 290 626 cst
316 555 602 646 imperatione,
638 561 696 644 qui
738 581 778 626 ex
810 539 939 646 jussiuo
968 561 1089 648 majori
1121 561 1224 628 etiam
1254 561 1413 646 loquelae

238 680 425 764 rapiditate
444 685 543 744 ortus
558 685 613 745 est
628 686 664 746 et
687 680 723 764 c)
738 679 862 747 modus
877 679 1133 766 ampliatione
1157 679 1210 745 val
1235 681 1412 764 energicus

239 819 301 865 sau
324 797 551 884 paragogicus
584 798 708 865 suffixa
731 798 861 863 scilicet
889 800 924 864 in
954 799 1020 865 fine
1044 799 1334 883 particulatam
1364 801 1415 864 rel

241 938 295 998 an,
315 924 354 983 ut
372 918 519 982 sermoni
543 919 652 1002 major
670 918 719 983 vis
738 924 773 984 et
790 918 925 1002 pondus
944 917 1101 984 addatur.

322 1034 350 1091 N
358 1034 403 1112 ot.
431 1033 608 1094 Infinitivunr
630 1035 661 1094 et
675 1033 872 1108 Participium‚
896 1050 970 1108 quae
985 1033 1076 1094 nostri
1092 1033 1283 1109 grammatici·
1296 1034 1337 1094 ad
1356 1052 1411 1094 mo·

238 1133 292 1194 dos
307 1133 446 1207 referunt,
461 1134 574 1194 Arabes
589 1135 753 1198 nominibus
768 1138 932 1198 accensent

314 1243 345 1305 3.
371 1239 574 1306 Personae
595 1247 674 1306 sunt
692 1247 778 1308 tres:
798 1241 917 1325 prima,
938 1241 1085 1306 secunda
1103 1248 1137 1306 et
1155 1241 1275 1320 tartia3
1307 1242 1409 1306 tertia

237 1379 402 1442 persona,
436 1378 523 1440 quaa
553 1346 699 1426 formam
722 1359 961 1444 simpliciorem
995 1378 1053 1424 sau
1085 1359 1224 1444 stirpem
1262 1359 1407 1438 exhibet,

238 1478 347 1560 primo
367 1474 443 1564 loco
463 1478 498 1542 in
516 1463 751 1563 paradigmate
770 1479 922 1561 ponitur.

315 1600 348 1662 4.
375 1593 543 1662 Numeri
578 1618 713 1681 quoque
742 1597 831 1663 sicut
858 1596 1021 1662 Genera
1046 1601 1126 1661 sunt
1149 1596 1233 1676 tria,
1263 1596 1406 1686 ¹scilicet:

240 1712 442 1800 Singularis,
462 1715 581 1782 Dualis
605 1720 639 1778 et
662 1715 821 1796 Pluralis,
846 1736 905 1780 ac:
939 1711 1173 1794 Masculinum,
1195 1716 1403 1781 Femininum

240 1839 274 1900 et
293 1833 487 1902 Commune.

318 1957 348 2016 5.
379 1951 492 2018 Verba
517 1951 713 2041 diuiduntur
739 1952 773 2016 in
797 1951 909 2017 Verba
927 1951 1133 2034 perlecta,
1154 1950 1279 2018 firma
1308 1952 1403 2036 (Ara-

238 2071 329 2136 bice:
356 2073 466 2156 sana),
492 2093 580 2156 quae
602 2076 671 2135 tres
690 2070 816 2135 habent
834 2070 951 2135 literas
970 2070 1135 2136 radicales
1152 2092 1286 2154 semper
1308 2091 1402 2154 prae-

240 2194 352 2259 sentes
371 2210 410 2254 ac
436 2188 594 2269 mobiles,
622 2194 656 2254 et
679 2190 713 2254 in
739 2189 1016 2271 imperfecta,
1043 2188 1211 2256 infirma
1236 2189 1402 2274 (arabica

238 2329 307 2372 non
332 2311 442 2395 sana),
471 2329 559 2392 quae
585 2307 637 2374 uel
665 2308 846 2372 secundam
865 2313 899 2372 et
917 2307 1053 2372 tertiam
1072 2307 1254 2373 radicalem
1279 2305 1401 2373 habant

240 2428 390 2508 candem,
410 2427 462 2492 vel
484 2427 573 2492 inter
591 2426 758 2492 radicales
777 2445 877 2492 unam
896 2430 957 2490 aut
975 2425 1088 2509 plures
1107 2424 1284 2490 literarum
1311 2426 1401 2492 infir·
1424 2425 1425 2492 ἰ

237 2567 368 2610 marum
391 2544 464 2652 73!
490 2544 737 2612 mutationibus
762 2545 863 2612 certis
890 2565 994 2628 supra
1017 2543 1209 2629 indigitatis
1241 2546 1401 2612 obnoxia·

238 2685 312 2729 rum
332 2663 524 2743 continent;
549 2662 769 2728 nihilominus
792 2669 905 2728 tamen
936 2662 1048 2728 omnia
1071 2661 1174 2728 verba
1198 2662 1282 2728 haec
1305 2687 1401 2729 urnam

182 2771 186 2782 ’
236 2782 443 2864 eandemque
462 2779 655 2865 analogiam
680 2783 715 2847 iu
734 2780 878 2875 flexione
896 2786 1110 2875 sequuntur..

320 2914 347 2972 N
354 2917 397 2974 ot.
415 2913 511 2973 Minus
525 2916 593 2990 apte
607 2913 664 2974 imo
680 2913 756 2974 falso
773 2915 863 2975 verba
878 2912 1047 2990 imperfecta
1061 2916 1202 2975 vocantur
1216 2911 1400 2989 irregulu·
1423 2897 1424 2978 ι

234 3014 305 3089 ria,
320 3032 385 3074 nam
401 3015 583 3090 mutationes,
600 3032 672 3090 quas
687 3016 813 3102 subeunt
828 3033 925 3080 eorum
941 3014 1094 3088 radiculos,
1118 3014 1205 3075 cortis
1222 3016 1252 3074 ot
1278 3015 1399 3076 definitis

234 3116 399 3178 innituntur
413 3116 532 3190 regulis.
708 3118 709 3122 ’

502 3380 531 3440 l.
546 3374 595 3440 De
610 3373 752 3441 flexione
767 3375 860 3442 verbi
874 3375 1015 3461 perfecti
1031 3375 1160 3462 (firmi).

441 3531 471 3612 ς’.
491 3533 543 3594 25.
590 3530 624 3614 a)
645 3527 825 3594 Activum
857 3528 1007 3595 formae
1035 3529 1198 3614 primae.

190 3693 194 3703 '
312 3695 433 3762 Verbis
464 3695 637 3762 flectendis
668 3696 855 3762 inserviunt
885 3705 1001 3780 notae,
1033 3719 1120 3783 quaa
1152 3703 1246 3766 ortae
1279 3707 1394 3766 sunta

235 3814 424 3881 decurtatis
444 3813 700 3899 pronominibus
719 3815 964 3898 personalibus,
983 3821 1018 3881 ct
1035 3817 1145 3882 verbis
1160 3809 1225 3884 aut
1238 3819 1393 3903 suffigun·

235 3941 292 4000 tur
313 3933 404 4000 utin
424 3931 609 4017 praeterito
625 3935 739 4018 (notae
758 3931 1072 4020 affirmativae),
1092 3939 1152 4001 aut
1169 3936 1394 4020 praefiguntur

233 4052 325 4118 utin
345 4052 481 4118 Aoristo
496 4050 541 4116 ll.
564 4053 679 4136 (notae
698 4051 1077 4140 praeformativaa),
1097 4058 1131 4118 et
1148 4054 1285 4139 quidam
1303 4056 1392 4122 modo

233 4191 373 4255 prorsus
393 4170 532 4255 speciali
555 4176 589 4235 et
613 4169 842 4254 inseparabili,
866 4171 915 4235 ita
933 4177 971 4236 ut
990 4193 1024 4238 sa
1043 4170 1202 4239 differant
1226 4195 1247 4239 a
1270 4173 1392 4240 suffixis
1421 4179 1422 4182 ’

233 4289 412 4355 verborum
431 4295 464 4354 et
482 4290 656 4356 nominum
675 4287 933 4372 separabilibus.
971 4288 1058 4356 Sunt
1076 4296 1189 4358 autam
1207 4292 1391 4359 efforma-

232 4408 329 4488 tiva,
380 4427 465 4491 quae
512 4408 623 4474 verbis
669 4405 842 4472 flectendis
887 4407 921 4472 in
969 4409 1154 4493 praeterito
1195 4411 1390 4492 inserviunt,

232 4526 422 4609 sequentia:
