2856 5044
413 335 428 404 ξ
443 336 500 390 109.
518 335 559 390 Da
572 333 823 391 enuntiationibus.
980 401 985 410 η
1135 329 1193 390 l'l‘l

314 497 332 580 ᾗ
355 499 424 560 109.
454 495 508 561 Dc
527 494 905 563 enunciationibus.

87 626 248 712 Regulae
271 629 306 693 in
330 631 465 714 syntaxi
483 633 658 716 expositae
676 630 790 696 valent
812 630 915 695 etiam
933 630 968 694 in
986 628 1104 714 lingua
1121 630 1195 696 vnl-

6 744 94 828 gari,
118 753 206 812 sunt
219 752 332 812 autem
350 753 493 833 propter
512 749 679 816 defectum
698 748 880 816 flexionum
893 747 1047 815 finalium
1065 747 1196 833 simpli·

6 863 175 930 cissimae
201 866 365 932 redditae.
403 867 503 933 Iuvat
529 872 652 950 tamen,
679 866 925 952 principaliora
951 867 1006 932 hic
1028 887 1196 951 exponere
1300 869 1308 878 ’
1416 891 1417 950 1

7 983 47 1045 de
68 985 324 1050 concordantia
342 986 528 1050 nominum.

86 1101 284 1198 Adjectiva,
304 1101 407 1168 verba
429 1107 463 1167 et
481 1104 682 1188 pronomina
700 1102 913 1170 substantivo
932 1102 1099 1188 singulari
1121 1103 1196 1167 suc-

7 1220 177 1286 cedentia
195 1219 372 1286 convenire
391 1221 515 1286 debent
533 1242 608 1287 cum
626 1221 689 1290 hoo
707 1221 742 1286 in
757 1237 878 1304 genere
897 1226 930 1284 et
947 1242 1099 1287 numero.
1127 1221 1196 1286 Ad·
1250 1235 1253 1240 '

5 1339 179 1422 jectivum
208 1344 321 1403 tamen
350 1344 428 1402 ante
455 1338 704 1405 substantivum
735 1337 932 1403 femininum
960 1338 1132 1422 singulare
1164 1344 1198 1402 et

8 1457 160 1522 verbum
177 1462 256 1522 ante
270 1455 466 1522 femininum
481 1456 652 1540 singulare
667 1454 891 1520 inanimatum
906 1462 1043 1522 manent
1057 1443 1095 1520 'in
1108 1476 1196 1520 mas-

12 1576 147 1656 culino,
176 1599 207 1641 v.
233 1597 265 1658 g.
292 1569 451 1688 μὴ
476 1569 556 1683 4)ss
584 1563 669 1656 (gali
694 1572 929 1660 selametkom)
958 1579 1080 1639 vestra·
1097 1579 1197 1657 grata

12 1692 127 1772 salus,
159 1691 213 1756 vel
238 1687 328 1809 vla)
353 1719 447 1780 ηρ
472 1723 563 1802 μ
588 1692 704 1780 (meda
728 1681 837 1772 &emat
861 1692 993 1774 aeman)
1019 1691 1199 1776 praeteriit

14 1811 209 1876 hebdomas
229 1809 403 1893 temporis.
674 1821 676 1828 ’

93 1928 221 1994 Dualis
244 1929 417 1993 nominum
440 1927 649 1994 construitur
672 1939 747 1992 cum
771 1926 899 2011 plurali
922 1926 1110 2007 verborum,
1138 1926 1197 1992 ad·

11 2049 224 2130 jectivorum
242 2052 276 2110 et
294 2046 542 2130 pronominum,
561 2066 592 2108 v.
613 2067 645 2127 g.
1038 2037 1043 2047 ’

8 2160 94 2278 >l÷5
110 2159 226 2278 ω»)
247 2155 383 2247 (Γίξῑθὶὴ
400 2162 520 2248 kehar)
539 2161 640 2245 pedes
660 2164 731 2248 ejus
750 2166 830 2227 sunt
848 2163 974 2247 magni.

96 2279 185 2346 Cum
209 2282 244 2345 in
266 2279 393 2364 plurali
416 2279 594 2346 verborum
617 2300 722 2362 genus
741 2279 832 2344 haud
851 2279 1092 2363 distinguatur,
1118 2301 1206 2346 con-v

16 2401 170 2466 structio
188 2405 240 2464 est
257 2398 410 2482 simplex.
440 2396 596 2464 Ceterum
614 2417 689 2461 cum
707 2397 834 2481 plurali
853 2397 961 2463 fracto
982 2403 1016 2481 et
1032 2395 1115 2461 sano
1134 2397 1197 2476 (in-

16 2512 191 2608 humano)
210 2517 358 2596 verbum,
385 2518 588 2602 adjectivum
613 2522 646 2581 et
669 2536 851 2598 pronomen
875 2515 1048 2598 singulare
1068 2514 1199 2580 femini·

19 2659 102 2702 num
119 2635 279 2720 jungitur
297 2634 386 2726 (vide
407 2636 424 2718 ᾗ
445 2640 496 2698 75.
516 2633 557 2697 Α.
578 2630 623 2722 2).

100 2753 210 2836 Saepe
229 2752 368 2818 verbum
390 2751 662 2836 impersonaliter
685 2752 727 2816 ab
746 2749 845 2816 initio
865 2749 1115 2816 enunciationis
1139 2772 1198 2832 po·

21 2874 132 2939 nitur.

82 4527 258 4581 znonokko,
273 4526 382 4568 Instituit
395 4527 449 4577 ling
462 4528 526 4569 arab.
