2872 5028
733 321 766 330 -
801 291 826 344 x
860 321 895 330 ..

629 449 741 516 PARS
768 447 987 515 SECUNDA.

610 579 810 668 Formarum
835 602 1003 669 doctrina.

221 745 235 814 6
256 749 296 801 15.
327 745 524 798 Praemonenda
586 782 1306 799 ...............
1367 705 1404 794 36

574 902 598 962 Ι.
616 903 723 978 Caput:
747 903 790 964 Da
804 901 1037 963 Pronominibus.
1069 971 1072 982 ,

220 1019 295 1086 516.
323 1017 361 1068 De
379 1015 584 1070 Pronominibos
602 1016 787 1082 personalibus
839 1054 1307 1070 ..........
1366 1015 1405 1066 32

220 1119 234 1186 5
256 1120 295 1174 17.
324 1119 363 1170 De
380 1117 584 1170 Pronominibus
603 1116 817 1172 demonstrativis
836 1155 1305 1172 .........
1363 1118 1403 1168 35

220 1221 234 1288 5
255 1219 294 1273 18.
326 1220 365 1272 De
383 1218 589 1273 Pronominibus
607 1218 724 1272 relativis

219 1323 234 1390 ᾗ
254 1321 295 1376 19.
323 1323 361 1375 De
379 1322 584 1375 Pronominibus
601 1323 797 1388 interrogativis
815 1328 841 1376 et
857 1322 1000 1375 indefinitis
1198 1369 1200 1373 ,

220 1425 296 1492 §2⁰-
325 1424 364 1476 oe
382 1423 539 1476 unicum.
580 1402 589 1476 ’.
634 1461 1304 1478 ..............

623 1581 662 1642 Π.
680 1581 788 1657 Caput:
813 1581 855 1640 Do
869 1580 986 1641 Verbis.

253 1696 296 1750 21.
325 1693 524 1748 Praemonenda

253 1799 293 1852 22.
323 1798 362 1850 De
379 1797 527 1850 Verborum
546 1794 733 1863 (triliterommi
751 1799 842 1850 formis
890 1834 1305 1849 .........
1362 1796 1400 1846 39

254 1902 294 1952 23.
324 1900 361 1952 Do
380 1897 474 1952 Verbis
493 1897 669 1964 quadriliteris
736 1936 1304 1952 ............
1361 1899 1399 1947 44

252 2001 294 2056 24.
323 2001 361 2054 De
379 1999 527 2054 Verborum
545 1999 666 2055 flexione.
702 2000 900 2054 Prasmonenda
941 2038 1305 2052 ........
1362 2002 1399 2049 45

158 2167 161 2171 Γ
253 2105 294 2156 25.
323 2102 360 2154 Do
377 2103 491 2155 flexione
508 2100 590 2154 Verbi
608 2103 715 2168 perfecti
738 2140 1000 2155 ......
1001 2113 1005 2120 ‘
1044 2140 1304 2153 ......
1361 2103 1399 2152 46

253 2205 294 2259 26.
323 2204 361 2256 De
378 2206 533 2256 formatione
551 2203 689 2255 Modorum
735 2241 1303 2256 ............
1361 2205 1399 2254 50

254 2308 296 2359 27.
325 2305 363 2360 De
381 2307 513 2358 infinitivo
533 2311 557 2357 et
574 2305 713 2372 Partioipio
736 2336 1303 2358 .............
1361 2306 1398 2355 52

254 2410 295 2464 28.
324 2407 363 2460 De
381 2408 491 2460 Passivo
510 2409 609 2460 formae
628 2408 728 2472 primae
788 2445 1304 2460 ...........
1361 2407 1398 2456 52

165 2681 168 2688 Ι
253 2615 295 2666 30.
324 2611 362 2664 De
380 2611 493 2664 flexione
510 2610 650 2664 verborum
669 2610 896 2676 quadriliterorum
937 2646 1302 2664 ........
1360 2611 1398 2659 54

253 2715 294 2766 31.
327 2712 364 2765 De
382 2713 495 2766 flexione
512 2712 653 2766 verborum
672 2715 880 2778 imperfectorum
939 2748 1303 2764 ........
1360 2711 1398 2758 54

253 2817 294 2868 32.
325 2815 362 2867 De
380 2814 468 2868 verbis
487 2817 627 2867 contractis

253 2917 293 2971 ³3.
322 2916 361 2968 Do
379 2916 467 2968 verbis
484 2917 613 2969 hamzatis
633 2953 1302 2969 ..............
1360 2915 1395 2963 55

252 3020 293 3071 34.
323 3017 362 3070 De
378 3019 467 3070 verbis
484 3019 595 3070 infirmis
633 3053 1302 3070 ..............
1360 3016 1395 3065 56

252 3121 293 3172 35.
323 3119 361 3171 De
377 3118 465 3172 verbis
484 3118 624 3171 multifario
642 3119 751 3170 infirmis
788 3157 793 3170 .
829 3176 830 3182 ¹
838 3156 1302 3171 ..........
1358 3118 1394 3168 60

252 3223 293 3274 36.
323 3221 362 3273 De
378 3220 466 3274 verbis
484 3219 646 3287 specialibus
684 3259 995 3273 .......
1002 3216 1010 3230 “
1041 3259 1302 3272 ......
1360 3221 1394 3270 63

252 3324 294 3378 37.
323 3322 361 3374 De
378 3321 462 3373 verbo
480 3337 541 3374 oum
558 3323 661 3373 suffixis
684 3360 1302 3376 .............
1358 3325 1393 3373 64

219 1696 234 1765 6

219 1798 234 1866 6

220 1899 235 1968 6

220 2001 235 2068 6

219 2101 234 2171 6

219 2203 235 2272 6

220 2303 235 2373 6

219 2406 234 2476 6

165 2521 168 2526 ’
220 2510 235 2578 ξ
256 2513 296 2564 29.
326 2509 363 2562 De
382 2510 490 2576 reliquis
509 2511 598 2560 formis
617 2508 689 2560 verbi
708 2508 809 2561 triliteri
834 2546 1303 2562 ..........
1359 2508 1396 2558 53

219 2713 234 2781 6

219 2815 234 2884 6

219 2918 233 2985 6

219 3018 234 3085 6

219 3119 234 3187 6

218 3221 233 3291 6

218 3322 233 3390 6

583 3479 636 3538 ΙΙΙ.
653 3479 761 3553 Caput:
783 3481 826 3539 De
841 3479 1024 3539 Nominibus.

252 3595 293 3645 38.
324 3592 520 3646 Praemonenda

252 3696 291 3747 39.
323 3695 361 3746 De
379 3693 531 3747 nominibus
549 3694 737 3747 deverbalibus
783 3734 1300 3751 ...........
1356 3701 1391 3749 66

252 3799 294 3850 40.
325 3797 363 3848 De
380 3796 533 3848 nominibus
549 3798 753 3850 denominativis
785 3834 1301 3852 ...........
1357 3802 1391 3852 68

218 3898 293 3967 641.
323 3898 362 3950 De
379 3897 478 3950 Genere
497 3902 632 3952 nominum
684 3937 1300 3953 .............
1357 3906 1390 3954 72

218 3999 293 4068 §42
322 4000 360 4051 De
378 4001 494 4053 Motione
511 4003 649 4054 nominum
683 4038 1301 4061 .............
1358 4008 1390 4056 if

174 4085 180 4100 ’
218 4101 292 4168 §fn
322 4099 359 4153 De
376 4101 491 4153 Numero
510 4105 646 4154 nominum
682 4141 1300 4158 .............
1357 4109 1389 4157 74
1423 4087 1424 4100 ³

218 4202 293 4271 §tn
322 4203 360 4254 De
378 4202 559 4255 Declinatione
577 4206 715 4256 nominum

218 4304 293 4371 545.
322 4294 360 4356 De
377 4306 597 4357 Deforminatione
616 4308 752 4357 nominum
782 4342 1300 4362 ...........
1357 4315 1389 4363 85

218 4406 232 4472 ξ
252 4407 293 4457 ff».
323 4405 359 4459 De
378 4405 563 4457 Numeralibus
628 4443 1300 4464 ..............
1355 4417 1387 4466 87
