2872 5028
402 1259 545 1376 PARS
584 1257 850 1378 SECUNDA.

281 1631 283 1638 ,
316 1533 617 1630 Formarum
657 1530 921 1630 doctrina.

400 1801 418 1884 ξ
444 1805 493 1864 15.
530 1794 846 1865 Prasmonenda.

112 1975 141 2034 1.
176 1969 286 2035 Voces
305 1968 440 2053 linguae
459 1991 573 2034 omnes
597 1992 636 2036 ex
660 1968 833 2036 elementis
855 1966 1084 2046 brevioribus,
1117 1986 1204 2050 quae

38 2090 198 2154 radices
218 2094 393 2168 vocantur,
413 2089 622 2172 prodierunt.
674 2087 847 2152 Radices
866 2085 1056 2170 primitivae
1075 2084 1206 2149 duabus

39 2213 171 2272 tantum
207 2206 472 2273 consonantibus
505 2207 711 2288 constitisse,
745 2226 824 2290 ergo
858 2203 1014 2270 biliterse
1045 2203 1149 2268 luisse
1187 2223 1207 2268 a

43 2326 198 2410 pluribus
218 2325 361 2390 eruditis
377 2326 498 2390 merito
517 2326 710 2404 creduntur,
731 2345 816 2408 qnae
835 2322 912 2388 dein
926 2344 965 2387 ex
980 2322 1115 2406 linguae
1129 2342 1205 2405 per·
1269 2307 1272 2321 ’

42 2452 142 2528 petua
161 2443 236 2528 lege
257 2443 299 2509 ad
317 2443 422 2508 trium
441 2444 699 2510 consonantium
718 2442 883 2540 ambitum
897 2446 1125 2521 excreverunt,
1143 2439 1205 2504 tri·
1296 2487 1303 2500 2

43 2564 160 2628 literae
192 2583 272 2646 ergo
301 2563 411 2628 laetae
438 2570 529 2628 sunt.
594 2563 622 2628 Ε
646 2563 758 2627 radice
786 2566 1005 2626 excreverunt
1036 2559 1205 2644 stirpes,

43 2682 166 2766 quibus
181 2680 262 2746 solis
281 2681 399 2765 lingua
417 2702 506 2745 nunc
523 2681 645 2746 utitur.

116 2814 204 2873 Not.
238 2813 332 2874 Radix
358 2815 387 2873 et
413 2812 503 2888 stirps
526 2811 699 2888 saepissima
725 2813 802 2872 inter
819 2829 852 2872 sa
876 2811 1109 2884 contunduntur,
1141 2813 1208 2870 sunt

35 2921 128 2975 tamen
157 2915 232 2974 bens
248 2895 489 2988 distinguendam
510 2913 624 2973 radices
647 2913 721 2975 eninr
743 2932 801 2974 non
814 2915 882 2988 plus
904 2913 1033 2973 existunt
1048 2912 1078 2972 in
1093 2913 1203 2987 lingua,

34 3017 87 3076 nisi
107 3016 138 3075 iu
161 3015 325 3090 abstracto,
346 3016 415 3091 quia
432 3017 620 3076 exoraverunt
635 3015 664 3076 in
679 3033 783 3077 vocum
797 3017 919 3090 stirpes,
942 3015 1021 3076 siout
1042 3015 1208 3091 plantarum

36 3117 146 3180 semina
161 3117 341 3193 progignunt
355 3117 462 3192 stirpes
475 3118 619 3177 arborum.

113 3247 143 3306 2.
166 3239 276 3326 Stirps
295 3261 413 3307 rursus
434 3262 495 3325 pro
513 3240 654 3305 diversis
674 3239 858 3320 vocalibus
879 3240 1003 3324 quibus
1017 3239 1140 3304 induta
1155 3245 1207 3305 est

36 3360 147 3440 radin,
175 3360 302 3445 species
327 3360 492 3443 quaedam
520 3380 592 3424 esse
621 3359 721 3424 debat
749 3364 809 3423 sut
837 3359 932 3424 verbi
956 3363 1016 3423 aut
1045 3358 1207 3438 nominis3

36 3485 219 3562 utrumque
234 3477 322 3544 enim
341 3479 457 3545 eodem
472 3479 550 3563 jure
570 3497 590 3542 a
607 3476 722 3542 radice
743 3477 926 3557 descendit,
951 3477 1001 3542 ita
1019 3482 1142 3559 tamen,
1167 3483 1206 3544 ut

35 3595 173 3661 verbum
202 3597 318 3682 potius
346 3602 379 3661 et
406 3597 565 3681 proprius
594 3598 639 3662 sit
669 3595 907 3680 judicandum,
942 3616 1043 3680 quam
1072 3619 1203 3679 nomen,

35 3715 113 3798 quia
145 3713 273 3780 multae
302 3714 476 3781 nominum
501 3715 629 3781 formae
658 3715 736 3780 inde
767 3714 931 3800 originem
961 3714 1098 3779 ducunt.
1153 3714 1205 3781 Ad

37 3833 161 3900 formas
176 3855 336 3900 sonorum
352 3855 369 3898 e
383 3834 547 3918 stirpibus
569 3832 770 3900 derivandae
791 3833 858 3899 duo
878 3834 1065 3900 inserviunt
1079 3835 1205 3900 medis:

38 3959 96 4017 aut
111 3953 271 4018 formatio
287 3953 326 4016 lit
342 3952 432 4019 notis
447 3972 506 4016 seu
520 3951 628 4017 literis
650 3951 810 4035 praefixis
829 3951 882 4016 val
901 3953 1101 4037 postpositis
1122 3953 1205 4036 (for-

37 4073 141 4137 matio
162 4071 435 4156 extrinseca),
455 4075 515 4135 aut
533 4071 668 4136 interna
685 4068 853 4135 vocalium
872 4076 1006 4140 tantum
1019 4071 1207 4138 mutatione

39 4189 316 4273 (intrinseca).
376 4186 485 4255 Multo
519 4191 627 4275 major
669 4187 884 4255 formationis
922 4213 1000 4274 pars
1034 4187 1232 4272 vocalin'm¹

40 4308 224 4374 mutatione
243 4308 334 4373 intra
348 4307 493 4374 radicem
508 4309 641 4390 nititur,
657 4314 709 4374 est
723 4307 810 4373 enim
831 4307 913 4373 haec
930 4309 1037 4375 virtus
1057 4308 1203 4378 dialecto

46 4427 213 4510 arabicae,
245 4447 332 4514 quae
362 4426 529 4525 vocalium
559 4428 717 4495 ubertate
748 4431 783 4496 et
817 4426 1029 4501 volubilitate
1060 4427 1207 4503 maxima
