2848 5040
228 349 267 408 52
403 354 440 410 II.
454 353 531 410 Pers.
556 353 596 410 De
609 353 770 410 Formarum
783 353 917 412 doctrina.
936 355 971 412 II.
987 356 1054 427 Cap.
1071 358 1112 413 De
1125 359 1234 414 Verbis..

445 517 542 612 ξ27.τ
563 516 617 582 De
641 512 860 583 infinitivo
884 495 922 583 et
947 518 1190 604 Partioipio.

308 656 335 715 l.
364 650 574 717 Infinitivum
589 658 623 717 et
636 653 859 738 Partioipium
873 653 1002 722 Arabes
1016 655 1210 724 nominibus
1226 666 1399 722 accensent

229 789 334 854 eaque
358 771 496 836 nomina
517 773 701 838 verbalia
725 771 917 857 appellant,
942 774 1024 858 quia
1051 797 1127 840 cum
1150 775 1261 841 verbis
1284 776 1399 840 intime

228 890 424 970 cohaerent;
447 905 525 955 nam
544 891 586 956 iis
604 896 760 973 utuntur,
785 891 920 974 quando
940 891 1032 958 verbi
1055 895 1152 960 notio
1173 914 1213 960 ex
1233 894 1397 959 erationis

227 1029 314 1074 nexu
329 1009 476 1076 nominis
492 1009 636 1076 formam
650 1010 790 1076 induere
805 1008 906 1076 debet
924 1017 985 1078 aut
997 1033 1178 1096 personam
1191 1014 1397 1092 denotantis,

227 1127 280 1192 cui
300 1130 389 1194 aetio
410 1129 576 1196 tribuitur
596 1130 858 1215 (participium),
880 1135 940 1194 aut
954 1131 1141 1214 simplicem
1160 1135 1330 1210 actionem
1349 1133 1397 1198 lo·

226 1251 363 1330 quentis
383 1248 600 1336 (infinitivus)
621 1249 844 1334 designantis.

310 1383 392 1443 Not.
429 1381 594 1444 Infinitivus
616 1361 720 1444 nomen
745 1381 867 1444 aetionis
889 1383 1066 1458 appellatur,
1087 1383 1275 1460 participium
1306 1389 1400 1446 autem

224 1499 327 1544 nomen
343 1485 459 1560 agentis
474 1485 514 1558 (in
530 1481 640 1564 activo)
656 1485 686 1544 et
699 1501 801 1544 nomen
817 1483 957 1558 patientis
974 1479 1018 1561 (in
1032 1486 1172 1560 passivo).

301 1611 330 1670 2.
360 1606 399 1671 In
417 1606 527 1672 forma
545 1607 656 1692 prima
673 1611 725 1671 est
748 1625 871 1688 magna
888 1606 1075 1672 formarum
1094 1606 1263 1690 infinitivo
1290 1610 1395 1675 inser·

224 1727 387 1793 viantium
404 1726 517 1810 copia3
537 1729 778 1790 enumerantur
793 1724 880 1788 enim
899 1724 991 1790 ultra
1008 1726 1161 1809 triginta,
1182 1721 1270 1810 quae
1284 1733 1396 1792 tamen
1422 1703 1423 1712 ἵ

226 1833 339 1910 omnes
364 1845 404 1909 de
427 1845 544 1910 eodem
568 1841 670 1908 verbe
694 1861 869 1926 nunquam
889 1849 1071 1910 occurrunt
1090 1845 1185 1930 (vide
1204 1845 1286 1912 Tab.
1307 1845 1394 1932 XL).

207 1939 479 2030 'Usitatissimae
498 1959 664 2028 Infinitivi
682 1963 810 2027 formae
830 1967 908 2026 sunt
926 1969 1119 2048 sequentes:
1166 2057 1171 2061 -

565 2063 642 2194 3:³3,
663 2063 740 2194 ilii,
761 2077 862 2187 {iffi
883 2062 966 2214 ji&
984 2113 1047 2174 cto.

298 2249 328 2310 3.
356 2243 578 2328 Partioipium
597 2243 725 2308 formae
744 2242 873 2326 primae
896 2241 1065 2308 formatur
1090 2265 1107 2308 e
1125 2245 1229 2309 tertia
1246 2267 1394 2329 persona
1422 2231 1423 2326 l

221 2365 309 2448 sing.
325 2362 473 2444 mascul.
498 2361 640 2444 perfecti
663 2361 793 2429 inserta
816 2360 918 2426 litera
942 2360 1015 2426 Elis
1035 2367 1114 2446 post
1130 2363 1276 2446 primam
1301 2367 1393 2431 radi·

222 2507 345 2590 salem,
366 2532 396 2574 v.
417 2529 450 2592 g.
471 2463 566 2604 535.

345 2739 362 2822 ᾖ
383 2741 432 2802 28.
458 2737 491 2802 b,
520 2734 729 2800 Passivum
752 2733 906 2798 formae
931 2735 1087 2817 primae
1112 2733 1210 2819 (Tab.
1229 2735 1272 2819 Ι).

297 2879 326 2937 1.
354 2873 530 2938 Formatio
548 2869 640 2935 vocis
663 2868 818 2952 passivae
841 2889 901 2952 per
926 2889 1041 2934 omnes
1065 2868 1191 2934 formas
1215 2875 1268 2936 est
1291 2871 1393 2954 plane
1422 2857 1423 2928 i

218 2992 460 3071 intrinseca,
491 3009 577 3074 quae
599 2987 770 3054 vocalium
795 2991 930 3051 tantum
954 2988 1144 3054 mutatione
1167 2989 1225 3070 fit3
1254 3010 1335 3054 nam
1360 2993 1393 3055 in
1422 3025 1423 3086 p

217 3113 353 3196 passive
372 3109 502 3176 Aoristi
520 3109 548 3174 1.
572 3109 683 3192 prima
701 3105 794 3172 verbi
812 3105 973 3172 radicalis
1000 3127 1131 3190 semper
1149 3112 1200 3171 est
1218 3115 1314 3173 mota
1335 3131 1392 3174 vo·

218 3233 283 3297 cali
303 3233 442 3323 Damna
461 3234 495 3294 et
512 3225 659 3291 secunda
677 3225 799 3305 Kesra3
822 3226 857 3291 in
875 3225 1014 3291 Aoristo
1034 3224 1079 3294 II.
1105 3231 1218 3290 autem
1236 3217 1391 3310 piaefor-
1422 3221 1423 3300 l

217 3351 343 3415 mativa
366 3349 468 3414 litera
491 3345 650 3412 adsciscit
675 3344 814 3434 Damma
839 3350 872 3409 et
892 3344 1039 3411 secunda
1058 3341 1217 3410 radicalis
1237 3346 1391 3410 vocalem

217 3470 343 3560 Fatlra3
366 3468 443 3532 hinc

528 3558 608 3622 Aor.
628 3555 656 3621 Ι.
677 3521 744 3653 μ’·
763 3561 797 3622 et
814 3555 895 3622 Aor.
916 3554 961 3622 ΙΙ.
982 3522 1082 3646 diiii.

296 3710 325 3770 2.
354 3703 472 3772 Flexio
492 3703 701 3786 singularum
719 3701 942 3786 personarum
960 3701 1115 3787 passivae
1129 3704 1220 3768 vocis
1239 3703 1274 3767 in
1292 3710 1389 3768 utro·
1422 3685 1423 3756 ]

217 3847 282 3910 que
300 3831 452 3914 tempore
470 3829 521 3890 est
539 3822 666 3900 eadem,
692 3841 778 3904 quae
795 3821 907 3887 locum
925 3821 1029 3887 habet
1046 3819 1083 3886 in
1100 3817 1231 3887 Activo.

212 3972 215 3980 ⁴
292 3967 322 4027 3.
351 3961 526 4026 Passivum
540 3962 631 4023 caret
646 3957 818 4022 infinitivo
834 3963 867 4023 et
885 3957 1089 4041 imperativo
1103 3977 1164 4040 per
1180 3976 1294 4024 omnes
1312 3981 1387 4024 ver·

215 4079 336 4146 borum
354 4077 491 4158 formas,
520 4076 578 4162 qui
601 4085 662 4160 per
679 4076 1025 4160 circumscriptionem
1044 4076 1257 4161 supplentur.

289 4229 320 4289 4.
349 4221 572 4317 Participium
591 4220 759 4285 formatur
777 4240 794 4285 e
813 4221 918 4304 stirpe
937 4217 1083 4304 simplici
1101 4221 1253 4308 praefixo
1274 4267 1295 4337 Γ
1313 4225 1385 4307 pri·

213 4364 289 4410 mae
310 4341 453 4409 radicali
475 4359 602 4406 vacuae
625 4346 659 4406 et
681 4338 810 4404 inserta
833 4338 969 4447 litera)
992 4343 1073 4422 post
1091 4342 1272 4407 secundam
1290 4341 1385 4408 radi·
1422 4341 1423 4350 ’

213 4487 335 4570 celem,
354 4508 386 4552 v.
405 4509 437 4570 g.
459 4440 565 4594 33:323
