2872 5028
275 335 328 403 §2
345 333 386 388 De
399 330 615 388 consonantium
628 331 770 402 potestate
781 332 962 388 etdirisicne.
1191 335 1209 394 5
1321 369 1324 376 -

112 503 154 562 3.·
174 497 344 564 Nomina
360 496 537 561 literarum
556 493 711 560 technica
732 501 813 560 sunt
835 496 994 581 varieque
1013 498 1202 581 decurtata,

33 616 86 681 nti
99 596 191 698 dim,
203 617 278 698 Dal,
289 617 387 694 Lam;
405 613 600 680 terminatio
618 634 735 680 eornm
748 614 783 678 in
798 621 873 695 „cn“
889 637 981 682 more
995 613 1204 701 reliquorum

33 736 212 804 nominum
239 757 260 800 a
281 734 378 802 nobis
406 733 494 800 sicut
522 731 564 798 ab
591 732 674 816 ipsis
702 733 871 800 Arabibus
896 735 1074 804 brevitatis
1102 757 1205 802 causa
1250 710 1252 720 Ι

35 854 236 939 negligitur.
798 839 808 854 ”

98 1026 118 1111 ξ
145 1030 176 1090 2.
212 1025 266 1090 De
293 1020 617 1090 consonantium
639 1025 848 1104 potestate
874 1025 913 1088 et
937 999 1150 1116 divisione.

121 1167 149 1227 1.
178 1160 371 1228 Literarum
393 1159 428 1223 in
457 1157 738 1241 pronunciatione
761 1163 913 1242 potestas
932 1160 1002 1244 jam
1032 1160 1065 1226 in
1089 1161 1210 1228 tabula

39 1286 92 1344 est
117 1300 291 1364 expressa,
325 1278 446 1343 literae
474 1296 588 1344 omnes
612 1296 694 1342 sono
718 1275 802 1342 bene
825 1282 905 1344 sunt
928 1277 1124 1360 distinctae‘3
1157 1287 1209 1347 est

40 1399 131 1464 enim
142 1398 294 1464 Arabum
304 1397 553 1482 pronunciatio,
572 1394 624 1460 uti
634 1393 843 1479 reliquorum
855 1395 1080 1464 Orientalium
1090 1399 1208 1484 stirpis

39 1518 225 1598 semiticaa
245 1517 389 1582 maxime
407 1514 554 1595 subtilis,
575 1513 684 1593 fortis,
705 1513 848 1597 diligens
872 1521 906 1580 et
924 1517 1095 1598 distincta,
1123 1537 1209 1602 qnae

37 1635 215 1701 distinctio
233 1657 339 1720 saepe
364 1634 406 1701 ab
434 1633 511 1699 aliis
533 1631 729 1698 nationibus
752 1633 845 1698 haud
868 1633 1149 1716 animadvertitur
1173 1645 1206 1704 et

41 1751 180 1818 nonnisi
198 1754 274 1819 viva
292 1753 449 1837 magistri
467 1772 547 1819 voce
566 1750 650 1816 satis
668 1751 811 1833 exprimi
829 1757 954 1835 potest.

116 1871 126 1945 l
150 1872 224 1938 Elis
240 1877 292 1938 est
309 1872 392 1938 levis
416 1869 596 1956 aspiratio,
621 1867 732 1952 qualis
755 1875 806 1935 est
829 1871 970 1955 spiritus
993 1872 1079 1938 lenis
1103 1873 1208 1939 Grae·

38 2013 159 2059 corum
179 1997 239 2058 ant
257 1989 425 2057 Gallicum
448 1989 557 2056 huon
578 1987 766 2071 aspiratum
784 1987 818 2052 in
837 1988 1017 2070 „homme“;
1044 1991 1123 2057 hinc
1140 2013 1208 2058 non

42 2110 233 2196 percipitur
247 2111 313 2177 niei
331 2132 406 2176 cum
424 2108 543 2189 vocali,
564 2125 631 2191 qna
644 2102 793 2170 effertur.

115 2250 156 2306 e„
174 2229 421 2314 pronunciatur
456 2232 495 2293 ut
518 2226 762 2296 Graecorumd
783 2231 817 2290 et
840 2226 878 2292 th
896 2227 1082 2313 Anglorur'n
1105 2229 1210 2296 inter·
1298 2255 1303 2265 ·

37 2349 152 2432 posito
186 2347 345 2413 nimirum
380 2347 516 2434 linguae
538 2361 697 2410 mucrone
732 2344 821 2410 inter
848 2351 1027 2430 utramque
1059 2347 1208 2414 dentium

38 2467 172 2549 seriem,
193 2471 233 2532 ut
252 2471 349 2532 sonet
368 2466 465 2551 quasi
482 2464 537 2530 the
560 2469 785 2548 praeconante
804 2463 924 2529 literae
942 2486 957 2530 s
976 2485 1075 2545 son03
1109 2466 1208 2551 vulgo

38 2591 154 2652 tamen
172 2585 302 2652 Arabes
320 2587 407 2652 hanc
424 2583 560 2650 literam
578 2583 630 2650 uti
645 2615 684 2658 ω
701 2583 940 2668 pronunciant.

114 2744 153 2830 ε
173 2710 274 2772 sonat
295 2710 335 2770 nt
352 2702 518 2769 Italorum
537 2725 558 2788 g
583 2708 661 2768 aute
680 2722 698 2767 e
716 2707 750 2770 et
768 2702 795 2781 i;
827 2700 987 2788 Aegyptii
1006 2702 1104 2770 illam
1126 2726 1206 2788 pro·

35 2840 201 2906 nuntiant
224 2845 262 2905 ut
281 2855 295 2910 t
314 2838 557 2905 Hebraeorum.

114 2975 265 3050 Maxima
275 2973 463 3040 attentione
479 2973 601 3057 dignae
611 2976 690 3039 sunt
704 2971 824 3038 literae
838 2974 1029 3058 gutturales
1049 2999 1075 3056 s,
1095 3009 1143 3096 ζ,
1155 2995 1204 3096 ἶ,
1223 2949 1231 2968 ”

34 3151 72 3229 ε,
93 3133 151 3229 ξω
170 3116 309 3198 gutture
328 3110 563 3195 procedentes,
588 3130 731 3194 quarum
758 3110 996 3193 pronunciatio
1019 3111 1205 3197 Europaeis

35 3233 221 3318 praecipue
239 3235 291 3296 est
309 3227 470 3294 difficilis.

166 3347 474 3433 literaemphatica
492 3345 640 3413 omnium
655 3345 858 3413 difficillima
868 3346 1116 3429 pronunciatur
1129 3371 1204 3417 curn

113 3409 151 3488 ἴ

37 3487 222 3572 purissima
235 3484 455 3570 aspiratione,
476 3501 546 3567 qua
560 3482 695 3548 elicitur
710 3483 750 3548 ab
765 3482 833 3549 imo
848 3482 999 3566 gutturis
1014 3488 1048 3548 et
1057 3485 1204 3568 pectoris

39 3607 139 3674 initio
162 3644 197 3664 =
218 3603 276 3670 hh.
457 3677 460 3682 ¹

114 3747 154 3848 ἶ
168 3723 307 3790 effertur
320 3727 359 3786 ut
375 3755 399 3818 χ
414 3719 620 3787 Graecorum
633 3724 667 3785 et
680 3717 721 3784 ch
728 3717 972 3787 Germanorum
982 3722 1204 3805 praecedente

42 3861 154 3931 vocali
175 3881 205 3941 a,
224 3883 256 3926 v.
277 3882 308 3948 g.
329 3861 364 3926 in
384 3858 540 3942 „Rache“‚
561 3856 748 3940 etquidem
765 3875 981 3940 magnacum
999 3857 1206 3927 vehementia

40 3982 181 4049 elicitur
206 4001 308 4046 sonus
339 4000 356 4044 e
384 3977 493 4056 medio
525 3975 675 4062 gutturis
706 3995 781 4039 cum
812 3974 1051 4042 tremulatione
1078 3979 1203 4046 mixtus

37 4101 136 4186 qnasi
161 4121 237 4166 cum
254 4097 357 4164 litera
379 4119 407 4164 r.

112 4254 141 4333 ε
168 4219 186 4284 a
209 4219 320 4285 medio
345 4215 483 4284 effertur
506 4213 653 4300 gutturis
676 4210 811 4278 fortiter
829 4213 1012 4298 compressi
1034 4213 1201 4284 trudendo

36 4360 158 4424 nempe
185 4340 256 4425 ejus
284 4336 450 4404 infernam
474 4339 605 4422 partem
631 4336 751 4400 contra
773 4334 994 4418 superiorem,
1027 4339 1067 4404 ut
1092 4350 1112 4417 p
1135 4335 1201 4405 He.
1304 4367 1307 4373 -
1333 4419 1344 4428 ¹

34 4459 231 4525 braeornm.
