2872 5028
205 327 246 388 30
280 331 387 393 LPars.
399 331 439 385 De
445 330 535 386 Elem.
545 330 583 387 11.
589 327 656 402 (inp.
668 327 908 388 nocensque.
916 333 1034 400 permut.
1053 331 1068 399 ᾖ
1080 335 1118 386 14.
1131 330 1172 387 De
1183 346 1240 401 reg.
1248 335 1380 388 Hamnee.

259 495 296 584 b)
315 495 377 560 sub
391 493 538 560 seeundo
552 497 720 577 respectu,
735 492 764 558 si
778 493 880 560 litera
892 494 1021 562 Hamza
1033 493 1141 578 magis
1156 515 1229 560 sese
1243 513 1374 560 accom-

222 661 224 666 ·
274 699 276 706 Ι
311 614 428 680 modat
445 613 566 678 literae
584 609 738 708 infirmae
757 609 824 677 sibi
843 632 1003 694 annexae,
1024 619 1076 679 est
1093 612 1301 680 notandum:

304 762 337 838 α)
361 748 433 814 Elis
451 749 643 813 hamzatum
666 768 907 831 nonnunquam
935 755 1087 814 mutatur
1110 749 1146 814 in
1170 784 1204 846 5
1228 749 1281 814 vel
1301 791 1319 855 9
1347 756 1380 814 et

360 867 516 952 sequitur
534 867 670 952 regulas
692 865 798 962 inhis
816 865 925 932 literis
949 867 1184 952 applicandam
1208 867 1287 934 hinc
1305 890 1378 934 cum

362 1020 397 1084 5
413 984 466 1051 vel
475 1034 493 1092 7
511 985 734 1070 praecedente
753 990 813 1050 aut
826 986 1051 1070 subsequente
1066 986 1207 1053 confluit
1223 1008 1285 1070 per
1299 977 1379 1051 Tes-

360 1103 433 1186 did,
453 1104 579 1171 vocalis
598 1111 711 1170 autem
730 1105 831 1170 istam
850 1104 984 1170 literam
1003 1106 1156 1190 proxime
1174 1107 1378 1190 praecedens

361 1229 422 1288 aut
435 1227 599 1303 mutatur,
616 1230 675 1290 aut
689 1224 869 1288 immutata
883 1222 949 1288 vim
963 1243 1058 1288 suam
1073 1225 1199 1289 exserit
1212 1226 1247 1291 in
1262 1225 1378 1290 literas

361 1368 421 1432 has
445 1337 611 1451 infirmas,
636 1393 667 1433 v.
692 1393 723 1453 g.
749 1391 789 1435 ex
807 1325 880 1477 {⁰9}
907 1365 945 1433 fit
971 1351 1056 1480 a&
1075 1367 1127 1434 vel
1148 1329 1227 1482 μς
1255 1391 1296 1437 ex
1317 1313 1377 1478 iri

361 1491 478 1620 θεᾷ.

307 1649 340 1741 β)
365 1648 400 1713 Si
422 1648 525 1713 litera
543 1648 672 1714 Hamza
695 1656 755 1713 aut
776 1613 950 1734 praecedit
978 1655 1038 1714 ant
1056 1650 1210 1734 sequitur
1229 1647 1377 1734 aliquan

358 1767 494 1834 literam
525 1788 665 1833 vacuam
695 1767 746 1832 vel
778 1768 1019 1852 quiescentem,
1053 1766 1213 1833 scribitur
1246 1769 1377 1852 saepius

362 1885 471 1952 solum
502 1885 635 1969 signum
661 1887 807 1953 Hamzae
839 1899 1013 1960 unacum
1040 1885 1164 1967 vocali,
1197 1885 1376 1970 suppressi

361 2029 433 2095 Elif
448 2035 519 2096 tum
538 2030 573 2094 in
592 2029 712 2109 medio,
737 2034 809 2094 turn
833 2030 867 2095 in
886 2028 951 2094 fine
970 2029 1071 2111 vocis,
1095 2051 1125 2096 v.
1145 2052 1177 2114 g.
1203 2051 1265 2113 pro
1286 1987 1378 2117 iffi:

364 2174 525 2241 scribitur
544 2141 644 2263 qm,
664 2195 726 2258 pro
741 2129 814 2280 ξᾶζ
833 2209 875 2236 =
895 2155 972 2262 urias
987 2172 1134 2240 initium.

294 2341 374 2400 Not.
397 2339 494 2400 Litera
508 2340 611 2400 hanna
625 2340 765 2402 radicalis
780 2357 838 2400 una
855 2357 920 2400 cun
938 2339 1022 2414 signo
1038 2355 1091 2400 suc
1108 2340 1215 2402 excidit
1229 2343 1297 2416 post
1312 2321 1393 2400 arti-¹

211 2483 306 2546 culum
322 2485 352 2544 in
368 2483 481 2546 nomine
501 2429 577 2544 mi
588 2487 668 2547 Deus
684 2503 735 2561 pro
756 2427 864 2548 {wis
