2872 5028
713 278 926 338 „xm-

228 442 348 509 ceteris
367 446 505 530 scriptis
525 445 615 512 vitae
633 443 798 528 vulgaris,
825 445 859 510 in
885 442 1039 527 epistolis
1065 449 1128 508 etc.
1155 443 1285 508 scribae
1310 443 1402 508 Ara-

227 569 294 634 bici
313 571 355 638 iis
376 577 436 637 aut
454 572 589 637 omnino
610 573 849 638 abstinuerunt
874 577 933 636 aut
957 571 1128 636 rarissime
1152 570 1201 637 ibi
1226 577 1305 635 sunt
1331 571 1411 649 usi,

227 697 285 761 ubi
305 699 417 763 sensui
432 699 576 764 obscuro
593 706 627 763 et
645 700 814 784 ambiguo,
828 723 857 766 v.
871 723 903 782 g.
917 700 951 763 in
964 698 1129 783 poematis
1143 695 1401 764 difficilioribus

228 845 423 890 succurrere
451 828 595 892 maxime
625 827 803 893 videbatur
824 827 1068 906 necessarium3
1107 825 1185 889 hinc
1208 831 1242 888 et
1266 825 1400 910 Arabes

232 953 357 1017 nostris
377 954 586 1037 temporibus
606 975 626 1018 a
644 956 748 1040 signis
767 956 952 1021 scribendis
967 925 1007 1018 se
1027 953 1210 1020 abstinent.

342 1099 379 1178 3.
406 1099 465 1178 De
484 1101 615 1180 studio
634 1102 792 1199 linguae
810 1103 997 1180 arabicae
1014 1101 1281 1199 grammatico.

281 1228 314 1312 a)
334 1226 495 1292 Proxima
511 1228 615 1294 studii
625 1229 835 1311 grammatici
846 1228 1017 1292 tractandi
1028 1247 1130 1291 causa
1140 1227 1174 1290 in
1185 1226 1403 1310 ipsoCoranc

233 1361 307 1418 erat
332 1354 411 1434 sita,
438 1376 512 1420 cum
547 1356 636 1421 enim
667 1356 818 1440 linguam
843 1353 965 1421 (lorani
989 1363 1140 1420 sanctam
1170 1355 1404 1439 aperegrinis

234 1482 404 1547 conversis
423 1503 484 1548 nec
507 1505 575 1551 non
598 1483 680 1567 ipsis
705 1483 874 1548 Arabibus
901 1482 1015 1548 mixtis
1045 1481 1189 1566 pessime
1218 1487 1252 1546 et
1275 1480 1343 1564 legi
1369 1488 1403 1546 et

232 1609 452 1692 pronunciari
471 1630 509 1674 ac
532 1610 678 1695 intelligi
704 1611 868 1690 viderent,
896 1633 973 1675 mox
1002 1609 1127 1693 primas
1157 1610 1402 1692 grammaticae

230 1737 320 1820 leges
339 1737 380 1802 iis
395 1737 616 1821 explicandas
635 1718 831 1823 scriptoque
848 1737 1057 1802 mandandas
1076 1759 1147 1804 esse
1166 1737 1303 1820 linguae
1323 1757 1401 1801 ara-

228 1864 324 1928 bicae
343 1865 557 1948 grammatici
575 1866 827 1950 intelligebant3
849 1864 1049 1949 praeprimis
1069 1865 1400 1931 scholaeBacrenses

228 1999 262 2056 ct
286 1990 445 2057 Cnienses
474 1993 718 2059 inclaruerunt,
759 1995 845 2058 Hinc
876 1995 992 2078 ingens
1026 1999 1122 2060 ortus
1151 1998 1202 2057 est
1231 2011 1400 2076 gramma-

228 2119 373 2183 ticarum
392 2120 500 2184 omnis
519 2122 653 2204 generis
672 2140 846 2201 numerus3
875 2121 934 2185 alii
962 2121 1049 2186 enim
1073 2121 1328 2202 grammaticam
1348 2120 1400 2182 in·

228 2252 359 2328 tagram
378 2245 432 2311 vel
445 2253 560 2330 partes
575 2249 726 2332 potiores
741 2249 876 2334 scriptis
891 2248 1124 2346 illustrabant,
1142 2247 1200 2311 alii
1216 2246 1256 2311 de
1272 2245 1399 2310 Ocrani

228 2374 412 2442 virtutibus
436 2381 470 2438 et
492 2374 584 2440 vitiis
614 2375 826 2440 disserebant
849 2377 1012 2460 signaque
1041 2374 1219 2441 diacritica
1252 2372 1403 2455 explica·

231 2500 325 2581 bant,
357 2502 416 2566 alii
435 2502 475 2567 de
503 2502 682 2567 literarum
714 2503 995 2586 pronunciatione
1019 2524 1106 2587 pura
1129 2498 1397 2585 praecipiebant,

231 2627 291 2693 alii
311 2629 571 2695 commentarios
590 2630 624 2693 in
644 2629 811 2696 Coranum
832 2636 865 2694 et
887 2634 1007 2713 politas
1026 2628 1173 2694 celebres
1192 2627 1397 2692 scribebant.

231 2757 303 2821 Ista
332 2778 438 2839 opera
465 2756 737 2842 grammaticalia
763 2757 804 2822 ab
830 2757 1028 2823 auctoribus
1059 2754 1281 2822 orientalibus
1305 2753 1400 2818 edita

232 2885 370 2968 collegit
389 2890 423 2950 et
441 2889 616 2950 enumerat
633 2881 840 2968 Zenke1·.*)
984 2861 987 2866 ¹

307 3021 352 3106 b)
369 3020 511 3086 Praeter
535 3022 664 3086 Arabes
693 3019 916 3085 excoluerunt
943 3021 1198 3104 grammaticam
1228 3018 1399 3083 arabicam

231 3153 265 3212 et
276 3146 473 3228 Christiani,
489 3154 523 3214 et
537 3149 671 3232 quidem
688 3148 858 3232 prioribus
874 3147 1016 3212 saeculis
1030 3147 1181 3212 studium
1196 3148 1258 3212 hoc
1271 3151 1400 3220 tracta-

235 3276 338 3340 batur
357 3277 400 3342 ad
417 3276 620 3360 explendum
639 3297 771 3356 munna,
791 3273 1090 3345 Muhammedanos
1114 3273 1329 3340 convertendi
1356 3273 1399 3336 ad

232 3402 430 3486 religionem
450 3401 678 3486 christianam.
699 3402 826 3469 Seriori
840 3407 991 3486 tempore
1009 3403 1158 3468 studium
1171 3403 1309 3485 linguae
1323 3423 1400 3465 ara-

194 3531 195 3536 ’
236 3531 332 3595 bicae
349 3531 551 3614 praeprimis
571 3531 808 3596 Instrumentis
827 3529 867 3605 Α.
892 3529 1022 3594 etN.l⁴'.
1037 3530 1189 3595 intimius
1210 3529 1400 3594 dilucidan-

235 3658 287 3723 dis
306 3657 532 3722 necessarium
560 3663 595 3722 et
611 3659 695 3723 utile
714 3663 766 3724 est
784 3659 967 3742 cognitum.
1011 3657 1097 3722 Hinc
1119 3646 1235 3742 ingens
1260 3677 1399 3740 operum

234 3784 540 3868 grammaticalium
564 3785 606 3850 ab
627 3785 901 3852 Occidentalibus
921 3785 1089 3849 editorum
1108 3805 1267 3850 numerus
1291 3785 1398 3870 (circa

235 3913 335 3997 (130)
360 3919 411 3977 est
433 3911 668 3994 explicandus,
689 3933 775 3997 quae
795 3913 994 3978 nominatim
1018 3918 1170 3976 recenset
1192 3909 1397 3994 Zenker.**)

236 4038 412 4104 Nominari
430 4046 616 4104 merentur:

404 4175 435 4182 --·-

281 4233 535 4370 ¹⁰*lll3ibliotheca
555 4234 680 4291 oriental.
699 4235 808 4306 Lipsiae
830 4237 903 4290 1846.
922 4233 997 4291 l'om.
1017 4235 1038 4294 l.
1058 4255 1083 4304 p.
1105 4240 1204 4334 ¹⁸43
1229 4239 1257 4290 ct
1276 4234 1350 4290 Tam.
1363 4233 1398 4288 Il.

253 4359 259 4372 .
315 4337 389 4371 *⁸3-

233 4333 250 4386 p
303 4407 341 4468 ”J
360 4404 378 4458 l.
398 4419 421 4460 c.
440 4405 517 4460 Toni.
535 4404 557 4461 l.
576 4421 623 4476 pg.
643 4391 754 4462 22-34,
771 4411 800 4460 et
817 4407 893 4463 Tam.
910 4407 948 4464 ΙΙ.
968 4423 1012 4475 pg.
1034 4409 1142 4462 lb-lt.
