2872 5028
135 366 150 434 ξ
169 369 211 420 23.
225 368 250 422 b.
265 366 306 422 Dc
322 363 413 422 serbis
431 311 628 436 quadriliteria.
663 361 678 431 ξ
697 365 737 418 24.
750 363 782 420 Β.
800 363 841 420 De
859 363 1003 420 verborum
1021 363 1144 422 flexione.
1190 361 1230 423 45

264 731 267 742 ,
360 680 399 745 Β.
436 677 721 745 Deverborum
740 677 945 744 Flexione.

430 851 518 935 §24.
556 848 869 915 Prasmonenda.

126 1021 177 1104 l)
198 1019 321 1084 Omnes
347 1019 410 1085 hae
435 1024 505 1085 tam
531 1020 624 1084 varie
648 1019 814 1086 formatae
848 1020 940 1085 verbi
963 1022 1087 1104 stirpes
1111 1043 1230 1087 unam

42 1141 195 1203 tantum
222 1139 348 1203 habent
373 1144 562 1223 temporum
587 1143 622 1204 et
648 1138 827 1205 modorum
845 1158 1132 1223 personarumque
1160 1139 1229 1204 for-

43 1258 247 1322 mationem
262 1279 321 1322 seu
336 1257 620 1343 conjugationem.
658 1258 860 1342 Temporum
879 1258 1123 1341 modorumque
1138 1261 1227 1323 ratio

42 1381 86 1439 et
115 1377 251 1443 indoles
277 1378 311 1441 in
337 1376 455 1460 lingua
477 1376 614 1442 arabica
638 1398 658 1442 a
681 1375 799 1461 lingua
829 1377 1106 1462 indogcrmanica
1131 1377 1252 1472 valde·

47 1493 186 1576 distat3
205 1497 323 1581 lingua
341 1497 429 1561 enim
448 1497 600 1561 semitioa
618 1497 708 1562 inter
720 1493 811 1563 'duas
830 1502 963 1572 tantum
982 1497 1139 1562 subsistit
1158 1481 1242 1560 for-¹

42 1635 139 1696 mas,
161 1637 250 1699 quae
268 1615 430 1698 temporis
442 1593 604 1700 ⁴modique
619 1615 798 1681 discrimen
812 1615 1005 1681 universum
1020 1617 1225 1700 exprimunt.

41 1731 126 1798 Hae
150 1735 236 1812 duae
250 1734 382 1822 ¹formae
401 1735 451 1823 ita
469 1755 503 1799 se
522 1732 698 1813 differunt,
714 1740 757 1814 ut
774 1733 884 1798 altera
901 1755 971 1798 rem
996 1735 1225 1816 perfectam

42 1873 165 1936 eoque
185 1842 353 1933 certam,
374 1853 1067 1938 alteranondumperfectamideoque
1083 1854 1223 1918 incer·
1288 1879 1291 1885 ·

40 1976 137 2038 tam
163 1973 330 2040 enunciet.
389 1973 513 2038 Forma
534 1972 632 2056 prior
658 1977 791 2056 tempus
816 1971 1002 2055 perfectum
1029 1979 1063 2037 et
1088 1971 1223 2036 absolu-

41 2096 138 2173 tum,
163 2092 273 2157 altera
296 2067 530 2178 imperfectum
561 2096 621 2156 aut
644 2092 797 2156 universe
816 2089 968 2156 futurum
988 2096 1048 2155 aut
1066 2095 1223 2172 coeptum
1264 2145 1265 2148 ,

41 2215 189 2276 tantum
206 2211 349 2276 necdum
369 2211 563 2278 absolutum
587 2211 690 2276 sistit.

135 2344 216 2403 Not.
247 2362 273 2403 a.
295 2342 497 2404 Deuourinatio
523 2340 652 2415 ‚,futuri“
675 2358 727 2416 pro
742 2340 910 2415 imperfecto
926 2341 1036 2402 notioni
1050 2341 1129 2403 haud
1152 2341 1223 2401 satis

41 2446 92 2502 est
117 2447 190 2519 apta
212 2447 242 2504 et
267 2444 303 2504 ab
324 2461 379 2504 usu
403 2443 520 2505 arabico
541 2444 662 2505 multum
679 2442 782 2502 aliona.
827 2443 927 2518 Recipi
942 2445 1042 2518 potest
1063 2442 1222 2502 nominatio

43 2545 163 2634 Aoristi
184 2547 208 2604 Ι.
223 2564 275 2621 pro
289 2547 420 2622 perfecto
435 2547 465 2606 et
478 2544 590 2604 Acristi
606 2546 644 2604 II.
667 2562 720 2620 pro
735 2545 914 2619 imperfecto,
937 2546 1005 2620 quia
1026 2547 1148 2619 uterque
1171 2563 1223 2618 pro
1238 2542 1246 2552 ‘

45 2649 133 2707 varia
148 2639 247 2708 textus
264 2647 337 2708 seria
352 2648 439 2707 etiam
455 2649 537 2708 varia
556 2649 687 2723 tempora
701 2647 839 2708 denotare
854 2647 937 2706 soleta

139 2751 167 2809 N
175 2754 220 2811 ot.
242 2753 271 2812 b.
295 2751 328 2809 Iu
344 2750 446 2824 lingua
457 2749 608 2811 excultiori
622 2750 809 2832 accesserunt
822 2752 851 2810 et
860 2749 955 2810 variae
968 2753 1098 2825 tempora
1108 2751 1223 2810 modos-

45 2871 107 2927 que
124 2853 293 2914 accuratius
311 2849 509 2926 distiugueudi
524 2849 661 2922 rationes
679 2869 754 2926 quae
769 2851 845 2910 inira
860 2854 929 2911 sunt
944 2851 1161 2921 dilucidandam
1177 2856 1224 2912 ast

46 2971 201 3030 nunquam
223 2953 325 3028 lingua
339 2953 457 3013 arabica
470 2968 541 3028 eam,
564 2970 635 3026 quae
651 2951 1057 3036 linguamindogermanicam
1072 2955 1127 3014 hac
1143 2955 1171 3014 in
1191 2971 1221 3014 re

45 3054 197 3130 nobilitat,
210 3053 452 3130 perspicuitatem
469 3071 532 3114 curn
550 3053 746 3114 concinnitate
762 3055 946 3129 conjunctam
958 3056 1004 3114 est
1018 3058 1115 3115 nacta.

132 3183 164 3242 2.
186 3176 269 3242 Cum
289 3176 446 3242 doristus
465 3176 513 3240 ΙΙ.
534 3177 700 3241 actionem
719 3176 949 3260 imperfectam
968 3176 1119 3256 denotat,
1138 3177 1221 3268 baec

46 3297 164 3361 forma
186 3296 432 3362 variationibus
459 3291 575 3359 multis
604 3315 663 3360 seu
685 3295 794 3360 modis
820 3301 872 3360 est
891 3295 1048 3376 obnoxia,
1075 3315 1219 3388 quorum

47 3415 202 3498 quinque
234 3419 489 3486 enumerantur:
532 3414 572 3496 a)
597 3413 726 3496 primus
754 3413 890 3480 exhibet
914 3414 1057 3479 formam
1088 3436 1149 3499 per
1183 3435 1218 3478 se

47 3539 213 3614 stantem,
241 3534 338 3616 quasi
361 3532 396 3596 in
416 3553 495 3597 casu
514 3537 605 3598 recto
629 3537 836 3615 notaturque
854 3531 963 3599 vocali
978 3531 1129 3623 Damma,
1149 3533 1179 3598 N
1182 3553 1218 3598 o·

48 3652 208 3718 minatici
232 3651 327 3735 signo
348 3683 375 3703 =
404 3648 653 3716 Indicativus
677 3671 736 3716 seu
763 3649 883 3716 modus
911 3650 1091 3726 raf’atus
1116 3652 1169 3736 (i.v
1187 3673 1215 3717 e.
1253 3695 1258 3704 ·

47 3771 84 3836 in
108 3770 359 3855 Nominativo);
383 3766 419 3854 b)
446 3772 611 3837 secundus
636 3768 771 3833 exhibet
794 3767 936 3834 formam
963 3769 1022 3834 alii
1052 3770 1216 3836 orationis

49 3891 202 3957 membro
221 3891 405 3976 subjectam
425 3890 459 3954 in
478 3911 559 3956 casu
574 3886 712 3972 obliquo
727 3891 760 3951 et
778 3888 1215 3975 vocaturSubjunctivus

49 4007 327 4095 (Coujunctivua
365 4007 607 4105 antitheticus)
649 4005 701 4069 vel
734 4006 931 4096 nasbatus
968 4007 1010 4093 (i.
1047 4029 1075 4071 e.
1118 4007 1214 4090 signo

46 4129 70 4220 a
98 4149 196 4198 casus
223 4128 354 4216 obliqui
381 4127 551 4209 notatus);
586 4126 617 4208 c)
643 4123 763 4191 tertius
792 4124 911 4189 modus
936 4131 987 4190 est
1008 4117 1214 4210 g'ezmatus

48 4266 107 4312 seu
130 4252 341 4332 apocopatus
370 4245 421 4312 vel
444 4245 464 4313 J
470 4245 630 4312 ussivus
663 4243 686 4308 i.
706 4265 734 4308 e.
764 4242 872 4308 forma
895 4243 930 4306 iu
949 4243 1013 4310 fine
1039 4251 1214 4312 contracta

50 4371 83 4430 et
107 4365 304 4447 decurtata;
326 4371 378 4432 est
396 4366 484 4430 enim
502 4361 632 4449 jussivi,
659 4364 753 4462 cujus
778 4362 865 4428 vices
885 4363 983 4446 gerit,
1003 4363 1067 4444 lex,
1086 4370 1125 4428 ut
1143 4364 1212 4429 for·

50 4502 142 4550 maa
169 4483 235 4550 fine
254 4484 407 4569 rapidius
427 4491 461 4552 et
478 4483 613 4551 brevius
632 4482 846 4564 enuncietur3
865 4481 901 4565 d)
931 4461 1073 4566 quartus
1091 4484 1212 4550 modus
