2872 5028
5 308 50 394 J
137 339 138 344 ¹
208 316 245 376 14
319 321 464 387 I..Pars
480 323 521 380 De
530 323 692 384 dlcmeutis
710 327 733 384 Ι
747 325 814 399 Cap.
833 327 873 384 De
885 327 1004 384 lectione
1016 329 1046 384 et
1057 324 1264 400 omhomsptiu

219 533 222 542 Α
288 476 369 568 nou
394 506 608 582 Saepissime.
589 542 622 601 e5
645 504 929 597 praepositionum.
908 529 970 602 Ψ
993 513 1063 571 et
1043 487 1108 602 03
1132 527 1197 571 oum
1217 487 1261 569 li
1275 511 1376 571 coale-

195 651 284 739 ‘scit
276 669 306 711 rn
320 616 376 738 [μς
399 654 428 713 et
442 615 515 716 [⁹03.
1415 637 1417 642 ’

244 756 289 874 ⁹7)
308 781 411 867 Signo
430 785 568 852 hoct
508 791 590 850 note
592 789 650 850 tur
592 783 806 850 tliterau
781 817 830 868 ω,
849 807 878 851 sr
869 784 1098 870 praecedunt
1111 785 1230 851 literae
1245 784 1375 850 similes

305 963 354 1009 me,
376 949 425 1010 ὼ,
447 953 482 1012 o,
505 931 539 1012 s,
560 931 608 1010 lo,
630 930 676 1010 le,
690 941 826 1011 vacuae,
845 953 876 997 u
893 953 925 1015 g.
918 887 1048 1047 '²⁹:³st
1057 887 1372 1048 arettaprossssfl

303 1049 433 1130 asadia,
453 1069 540 1132 quac
555 1049 755 1115 assimilatio
774 1055 886 1115 tamen
904 1071 971 1115 non
987 1070 1117 1134 semper
1130 1049 1241 1116 locum
1255 1050 1374 1115 habet.

285 1179 336 1238 No
345 1182 367 1240 t.
392 1181 510 1258 Signum
526 1177 635 1244 Teddid
649 1182 782 1244 omnibus
796 1183 891 1244 literis
906 1182 1074 1260 duplicatis,
1088 1181 1151 1242 Elii
1162 1182 1225 1243 sola
1240 1185 1375 1258 excepta,

201 1279 366 1355 imponitur.

666 1408 707 1473 D.
736 1405 912 1473 Medda.
945 1444 952 1459 ·

282 1545 310 1605 1.
339 1539 478 1625 Signum
492 1543 556 1609 hoc
569 1528 690 1632 literae
702 1543 849 1608 Hamzae
864 1543 974 1625 estid,
995 1543 1086 1628 quod
1102 1521 1217 1611 dedda
1229 1542 1374 1627 reliquis

202 1655 325 1740 literis,
353 1680 431 1726 nam
449 1660 501 1728 illi
519 1662 639 1730 literae
657 1661 722 1729 soli
741 1667 793 1728 est
810 1663 997 1747 proprium.

278 1775 474 1862 Scripturas
493 1781 698 1865 antiquitate
717 1799 810 1844 sacer
824 1802 906 1861 mos,
926 1781 1043 1848 literas
1060 1781 1114 1847 bis
1132 1780 1269 1866 proprie
1288 1780 1373 1846 scri-

201 1893 326 1961 bendas
342 1897 442 1962 certis
457 1919 474 1963 e
488 1898 619 1983 legibus
634 1898 736 1966 semel
751 1898 929 1982 scribendi,
949 1899 1045 1985 signo
1067 1920 1118 1974 g,
1134 1919 1250 1966 ansam
1265 1898 1372 1977 dedit,

201 2041 293 2122 quod
312 1995 387 2117 {di
406 2021 537 2110 Medda
547 2045 571 2111 i.
591 2066 620 2111 e.
640 2042 803 2125 extensio,
827 2042 1044 2127 prolongatio
1063 2045 1173 2126 audit,
1193 2045 1287 2128 cujus
1307 2046 1370 2121 est,

200 2158 359 2226 lectorem
376 2182 520 2246 monere,
545 2170 585 2230 ut
603 2163 752 2232 vocalem
775 2161 860 2234 bene
882 2161 905 2227 i.
926 2181 954 2228 e.
975 2183 1050 2229 cum
1069 2162 1186 2247 aliqua
1202 2160 1293 2228 uocis
1312 2181 1371 2224 ex·

199 2304 352 2372 tensione
369 2307 551 2390 producat,
570 2331 600 2374 u.
621 2331 653 2394 g.
674 2287 806 2418 &is-*¹
831 2320 963 2376 amana.

271 2423 362 2515 ¹Not.
391 2457 425 2516 In
444 2456 507 2516 Elii
524 2456 608 2532 signo
628 2458 736 2519 Medda
751 2460 861 2531 notatu,
883 2456 940 2518 etsi
955 2453 1099 2530 duplicem
1114 2452 1177 2514 Elii
1188 2455 1294 2529 valeat,
1314 2470 1372 2515 non

199 2553 271 2615 duae
291 2555 395 2617 ,literae
415 2558 649 2632 pronuntiandae
670 2563 753 2636 sunt,
777 2563 830 2623 sed
852 2577 912 2620 una
931 2561 1046 2621 tentum
1062 2574 1154 2632 seque
1173 2555 1373 2631 protrahenda

198 2655 276 2716 sicut
291 2659 369 2732 apud
384 2675 437 2719 nos
452 2679 507 2723 ron
521 2661 679 2742 „Wadi-ret

275 2784 305 2844 2.
334 2779 584 2869 Superponitur
604 2789 716 2850 autem
736 2783 881 2851 Medda:
917 2749 925 2758 ἱ

250 2925 283 3010 a)
303 2923 422 2992 literae
440 2927 586 2996 Homnae
604 2930 804 3016 geminatae,
824 2952 854 2995 u.
872 2951 904 3014 g.
926 2904 1012 3037 aad
1020 2924 1164 2990 01'edidit
1182 2945 1245 3008 pr0
1265 2871 1370 3033 (pelli

247 3057 285 3145 b)
305 3058 424 3128 literae
438 3065 585 3130 Hamaae
596 3085 671 3134 oum
685 3065 758 3133 Elif
768 3064 1011 3152 protractionis
1023 3064 1271 3142 concentratae,
1286 3082 1316 3126 u.
1336 3082 1368 3143 g.

305 3184 370 3278 ssi
383 3228 473 3294 equa
490 3231 554 3294 pro
567 3154 635 3286 lii.

280 3338 308 3400 N
315 3341 359 3403 ot.
391 3342 510 3418 Signum
524 3343 581 3404 hoc
596 3343 685 3405 etiam
700 3341 877 3404 adscribitur

239 3473 268 3558 a)
288 3483 392 3562 literis,
406 3503 481 3562 qnae
496 3486 623 3549 numeris
637 3485 775 3548 notandis
790 3483 960 3555 inserviunt,
978 3447 1058 3560 utlp
1079 3511 1116 3532 ==
1137 3487 1169 3542 11
1189 3487 1219 3545 et
1266 3493 1267 3498 ’

237 3598 271 3683 b)
293 3603 438 3665 scribendi
460 3605 647 3684 compendiis,
669 3603 842 3682 praeprimis
861 3601 1002 3677 formulis,
1025 3619 1099 3677 quae
1119 3603 1283 3664 nominibus
1303 3619 1370 3679 pro·

289 3747 442 3822 phalarum
454 3748 543 3825 adJ1c1
559 3750 663 3825 solent,
680 3766 706 3810 v.
719 3768 748 3826 g
771 3712 818 3851 ΓΞ
838 3765 889 3824 pro
907 3711 1066 3849 [allodi
1051 3713 1139 3806 aad:
1165 3747 1205 3809 sit
1225 3747 1253 3807 oi
1275 3746 1370 3817 salus,

251 3892 333 3953 vel
351 3933 388 4048 C
405 3910 458 3970 pro
477 3915 555 4009 e,
532 3871 704 3941 Plutdlifl
720 3881 776 3942 eid

578 4085 617 4153 Ε
646 4085 805 4155 Uesla.
836 4081 986 4174 (Wasla)

272 4225 303 4290 1.
335 4219 421 4289 Sunt
444 4241 541 4288 voees
564 4224 731 4307 quaedam
754 4242 829 4288 oum
847 4218 957 4286 vocali
981 4239 1001 4282 a
1023 4218 1222 4303 incipientes
1241 4217 1370 4283 tenuis·

195 4335 292 4422 sima,
325 4340 478 4407 instabili
509 4346 543 4407 et
572 4343 702 4429 fugace,
735 4359 821 4424 quae
849 4339 885 4403 in
907 4358 1026 4403 vocum
1045 4339 1208 4422 junctura
1230 4358 1371 4421 prorsus

196 4461 364 4525 evanescit
383 4467 443 4526 aut
461 4461 534 4528 loeo
555 4481 615 4528 suo
634 4465 804 4539 movetur3
830 4460 910 4522 sunt
928 4453 990 4523 hae
1010 4454 1155 4540 duplicis
1174 4456 1327 4540 generis:
