2848 5040
450 345 520 414 §tta
540 343 581 398 De
592 341 767 400 Accusativo.
865 391 869 396 .
955 393 958 398 .
1145 337 1201 398 123

77 485 111 592 ι)
135 510 167 572 si
191 508 306 591 plures
331 507 470 590 genitivi
498 529 533 572 se
556 505 744 589 excipiunt,
774 506 882 588 priori
913 503 1078 572 articulus
1105 527 1203 589 prac-

129 651 261 736 figitur,
287 657 340 748 ιιι
361 612 509 728 „cccxii
527 620 648 763 Vm
667 599 748 765 ὦ)
768 656 871 736 caput
888 647 973 716 idoli
993 648 1097 712 aurei.

110 835 200 920 Not.
223 879 249 920 a.
272 861 394 920 Nomina
408 860 525 934 propria
541 860 570 919 et
586 857 755 931 pronomina
771 875 885 934 semper
899 831 1063 917 nominibus
1079 845 1202 916 artic'ulo

27 1001 155 1062 definitis
171 1004 254 1078 paria
268 1007 420 1077 habentur,
436 1015 461 1062 v.
477 1021 506 1077 g.
522 972 593 1110 93)
616 967 696 1078 ᾦὲξ
714 1002 814 1059 domus
830 999 918 1058 Zaidi.
1057 1031 1080 1084 0
1160 1053 1170 1070 ,

129 1165 181 1224 No
191 1168 212 1226 t.
239 1166 263 1227 b.
288 1168 379 1240 Saepe
394 1165 422 1224 in
436 1165 583 1225 arabismo
598 1163 785 1224 substantiva
795 1158 922 1220 identica
934 1163 1029 1220 status
1043 1159 1203 1220 constructi

26 1325 130 1367 nexum
148 1309 277 1368 subeunt
292 1309 322 1366 et
337 1307 468 1382 quidem:
493 1308 525 1382 α)
542 1325 645 1368 nomeu
663 1326 727 1367 cum
743 1304 924 1382 cognomine,
936 1323 966 1382 ¹v.
979 1269 1081 1414 μβ
1099 1270 1202 1390 ripam

27 1429 69 1494 Sa
75 1437 106 1493 id
117 1437 196 1494 Pera
207 1434 266 1494 dict
269 1452 316 1494 us
310 1430 360 1513 β)
368 1433 773 1511 nomvnaproprraflumrnum
781 1431 894 1492 urbium
904 1433 959 1492 etc
968 1451 1031 1491 cum
1015 1419 1203 1494 ncmvurbus

27 1578 85 1638 suis
107 1577 305 1684 appellativis,
328 1596 354 1638 v.
370 1597 398 1652 g.
416 1550 527 1656 cleu}
548 1575 661 1654 auca
677 1577 748 1638 urbs
764 1575 893 1652 Bagoon,
908 1585 989 1700 0⁰)
974 1542 1070 1640 bii
1051 1548 1121 1688 7}ss
1136 1580 1203 1638 Jor-

26 1707 117 1764 danes
133 1705 257 1780 fluvius3
279 1706 310 1784 γ)
327 1706 471 1795 adjectiva
485 1724 536 1780 per
551 1707 704 1766 articulum
721 1703 914 1776 determinata
929 1723 995 1765 cum
1011 1705 1202 1766 substantivis

25 1847 291 1907 indeterminatis
284 1867 312 1908 ιιι
335 1851 402 1911 locu
404 1850 532 1911 tionibus
555 1848 743 1924 quibusdam,
767 1849 800 1905 ut
818 1805 975 1932 osmi
997 1867 1074 1926 υω
1101 1851 1203 1909 domus

27 1975 162 2032 sancta
153 1993 174 2033 1.
196 1990 221 2033 e
242 1975 421 2050 Jerusalem,
448 1979 508 2039 et
500 1997 529 2038 ιιι
550 1981 710 2052 temporum
731 1973 808 2034 vitoe
830 1977 959 2053 vulgaris
986 1976 1201 2039 delinitionibus

27 2116 124 2188 certis,
138 2135 164 2176 v.
173 2137 203 2194 g
219 2073 324 2213 «ψ
330 2086 393 2221 ΓΕ
411 2138 503 2180 annus
514 2121 601 2197 prior,
617 2090 845 2219 &gasti
776 2085 823 2181 i
803 2139 861 2220 vg
879 2122 939 2182 dies
952 2121 1070 2197 quintus
1083 2123 1202 2196 (hebdo-

29 2229 143 2302 medis).

112 2364 196 2425 Not.
214 2382 238 2425 c.
254 2365 426 2440 Hujusmodi
441 2368 629 2428 annexionem
645 2371 750 2428 vocant
763 2367 876 2428 Arabes
892 2368 1078 2448 antemonem
1093 2367 1202 2426 inter·

24 2483 133 2552 preto
143 2482 259 2544 tivum
280 2502 331 2546 seu
353 2485 562 2560 explicativam
586 2486 633 2548 cui
652 2486 784 2568 addentia
805 2489 851 2545 est
872 2479 992 2546 anieno
1013 2503 1202 2560 compara·

28 2599 121 2673 tiva,
148 2601 172 2659 si
188 2619 290 2663 nomen
306 2622 370 2663 oum
384 2601 499 2710 nomine
515 2605 608 2664 simile
629 2603 697 2679 quid
712 2602 859 2662 iudicante
875 2602 1099 2675 comparationis
1116 2620 1204 2662 causa

27 2743 155 2803 nectitur
170 2762 222 2818 per
237 2749 345 2808 statum
358 2749 569 2820 constructum,
590 2766 617 2806 v.
632 2765 662 2822 g.
683 2703 782 2813 &Ul
796 2714 918 2840 σω)
934 2750 1085 2822 argeutum
1100 2763 1202 2822 aquae,

28 2864 44 2921 i.
59 2880 84 2920 e.
100 2877 180 2938 aqna
195 2867 317 2938 argento
333 2864 458 2938 similis,
463 2882 514 2924 seu
531 2868 679 2940 argentea.

389 3124 478 3207 §oa
507 3122 561 3188 Dc
578 3122 836 3192 Accusativo.

102 3291 324 3357 Accusativus
335 3291 483 3375 ponitur,
498 3291 689 3375 ubicunque
702 3314 821 3359 nomen
837 3315 896 3378 per
906 3317 940 3359 se
955 3295 1103 3378 positum
1118 3293 1197 3362 sub-

24 3411 180 3494 jungitur
200 3409 298 3474 alteri
322 3416 356 3474 ct
379 3409 405 3475 Ι.
430 3416 491 3475 aut
513 3411 743 3494 praedicatum
763 3413 922 3497 proprius
948 3413 1123 3496 describit,
1149 3415 1194 3480 II.

31 3535 87 3593 aut
106 3528 252 3612 abrupte
272 3529 428 3614 ponitur..

101 3663 128 3742 Ι,
162 3663 415 3744 Praedicatum,
453 3665 544 3748 quod
572 3667 800 3732 accusativum
830 3668 989 3751 proprius
1016 3667 1193 3754 efflagitat,

30 3783 227 3867 plerumque
246 3782 463 3848 estvcrbum.
521 3861 523 3866 ι

109 3932 189 3991 Not.
214 3931 305 4000 Quum
330 3936 359 3990 et
374 3935 461 3993 verba
484 3951 548 3994 curn
563 3936 823 4010 praepositionibus
839 3935 924 4010 jungi
939 3937 1064 4012 possint,
1086 3941 1141 4000 hac
1158 3941 1192 4002 de

30 4068 56 4108 re
70 4051 166 4111 lexico
181 4056 248 4111 sunt
271 4054 464 4123 consulenda3
487 4054 536 4113 hio
551 4054 665 4114 nonnisi
685 4055 720 4114 de
739 4055 921 4129 gravioribus
942 4055 1115 4130 quibusdam
1129 4074 1192 4117 ver·

30 4168 126 4229 borum
142 4172 298 4243 generibus
313 4174 358 4231 est
373 4172 579 4268 disserendum.

102 4327 142 4392 A.
172 4328 317 4408 Verba,
347 4351 446 4412 quac
465 4330 742 4397 accusativum
761 4331 1027 4418 subjungunt,
1048 4337 1127 4398 suut
1147 4367 1153 4405 ;

103 4470 131 4530 1.
162 4465 275 4531 Verba
292 4465 515 4532 transitiva
532 4471 567 4531 et
584 4466 738 4550 quidem:
