2848 5040
139 322 157 394 ς
170 325 211 377 68.
229 320 271 378 Do
284 324 361 378 statu
373 304 531 378 constructo
543 325 575 376 et
586 319 717 390 genitivo.
734 321 764 376 B.
782 322 823 376 De
836 320 895 393 ojus
909 321 1063 380 structura.
1154 317 1210 378 121

30 485 168 562 Quodsi
195 485 372 568 utriusqus
398 486 543 557 nominis
567 491 601 550 et
622 505 781 558 numerus
804 491 837 550 et
856 507 959 568 genus
979 492 1031 552 est
1049 485 1148 566 idem,
1172 485 1216 552 ad

30 610 155 668 utrum
174 604 346 687 appositio
366 625 401 668 se
419 605 555 685 raserat,
576 625 593 668 e
613 623 750 668 casuum
769 603 912 668 flexione
933 609 1086 689 apparet.

118 752 205 812 Not.
229 752 393 812 Secundum
415 754 519 814 arabes
538 750 746 828 grammaticos
763 753 878 812 unicum
898 751 1094 826 juramentum
1108 750 1215 845 impro-

664 872 715 890 ,ψ
759 846 814 876 ⁶⁸⁰
855 861 1075 892 ,oanan
1103 852 1194 891 σθω

28 895 94 955 viso
111 895 257 956 insertum
272 896 417 974 interponi
432 899 538 974 potest,
551 912 618 972 ag.
637 876 712 1000 [ἢ
734 879 822 990 xiiij
839 915 930 992 say-0
941 913 1038 1010 &a
1055 877 1152 957 tisll
1167 882 1218 992 vg

28 1041 102 1082 ecce
126 1023 191 1084 ovis
214 1023 296 1083 audit
316 1041 413 1084 vocem
434 1057 468 1070 -
487 1043 538 1100 per
563 1025 660 1083 deum!
684 1025 791 1084 domini
810 1026 863 1083 sui.
895 1027 969 1086 Raro
991 1028 1094 1102 poetae
1115 1041 1216 1084 nomen

27 1141 154 1220 aliquod
170 1141 231 1202 sive
246 1142 411 1202 vocativum
427 1142 487 1202 sive
502 1139 711 1202 nominativum
727 1144 923 1218 interponunt.

115 1305 147 1365 2.
176 1299 307 1384 Nomen
327 1298 503 1364 definitum
522 1320 693 1384 nunquam
713 1301 872 1368 adsciscit
890 1299 1081 1381 articulum,
1103 1321 1168 1386 quo
1188 1300 1217 1365 si

30 1439 124 1502 opus
145 1423 208 1499 est,
234 1419 277 1484 ad
295 1439 416 1484 nomon
435 1416 596 1482 definiens
614 1420 777 1503 rejicitur,
801 1420 851 1484 ita
869 1426 991 1500 tamen,
1017 1425 1056 1485 ut
1078 1421 1148 1506 ejus
1167 1421 1216 1486 vis

30 1537 76 1602 ad
96 1542 211 1604 totam
225 1538 422 1622 juncturam
440 1537 629 1620 pertineat3
648 1544 727 1602 sunt
746 1544 858 1604 autem
877 1539 1041 1607 notanda:

116 1673 158 1739 A.
190 1672 459 1738 Substantiva
472 1674 569 1757 jungi
589 1680 731 1758 possunt
748 1696 887 1758 prorsus
907 1675 1084 1740 diversa:

85 1811 126 1895 a)
152 1811 182 1876 si
204 1815 418 1893 utrumque
444 1809 660 1876 definitum
684 1816 748 1890 est,
775 1809 938 1875 articulus
962 1810 1146 1894 posteriori
1164 1811 1216 1876 vel

141 1929 172 1994 si
195 1927 297 2012 plura
319 1928 442 2008 adsint,
470 1925 591 1993 ultimo
618 1928 788 2010 praefixus
822 1929 865 1993 ad
890 1935 998 1996 totam
1022 1931 1216 2014 juncturam

141 2073 301 2157 pertinet,
325 2095 356 2138 v.-
376 2095 407 2155 g.
436 2029 666 2192 „effetis
679 2093 738 2136 rex
757 2077 868 2146 terrae
893 2075 948 2158 (de
968 2079 1060 2156 certo
1079 2095 1157 2158 rege
1183 2077 1217 2138 et

141 2222 236 2280 certa
259 2221 379 2302 terra).
416 2216 546 2283 sivero
566 2238 686 2284 nomen
706 2216 861 2282 absolute
886 2218 928 2283 ab
947 2217 1046 2284 initio
1067 2238 1142 2282 oum
1160 2237 1215 2280 ar-

143 2334 250 2402 ticulo
265 2337 415 2419 ponitur,
434 2337 522 2402 idem
537 2337 704 2420 repetitur
722 2336 793 2400 sine
808 2335 952 2402 articulo
971 2337 1005 2400 iu
1024 2341 1117 2401 statu
1136 2356 1214 2401 oon·

140 2486 285 2561 structo,
302 2503 332 2544 v.
344 2504 375 2564 g.
389 2439 648 2559 siffiffiffii
661 2438 965 2579 Casilinates,
977 2483 1107 2545 tractus
1117 2479 1212 2547 coeli.

84 2617 124 2701 b)
145 2618 174 2682 si
192 2616 307 2701 prius
333 2617 595 2683 indefinitum
614 2622 678 2697 est,
704 2616 848 2682 alterum
867 2636 944 2680 vero
964 2637 1025 2699 per
1042 2638 1078 2680 se
1097 2616 1216 2684 defini-

139 2741 225 2818 tum,
255 2736 418 2801 articulus
447 2756 582 2825 manere
608 2742 736 2821 potest,
765 2735 830 2799 nisi
846 2735 989 2801 'oriatur
1013 2735 1213 2816 obscuritas,

141 2904 171 2948 v.
192 2903 224 2964 g.
250 2850 418 2978 Mt
436 2859 507 2971 ι’ᾠῖ
530 2879 716 2945 similitudo
736 2877 844 2944 crucis
871 2877 957 2961 (scil.
979 2877 1213 2964 christianae),

268 2984 282 3006 ,
893 2980 897 2987 ,

140 3022 288 3090 libenter
310 3032 424 3091 tamen
448 3025 614 3109 articulus
633 3022 821 3100 omittitur.
854 3022 889 3086 Si
910 3043 927 3086 e
945 3028 1138 3087 remanente
1156 3043 1214 3086 ne-

141 3142 288 3208 cessario
304 3125 449 3208 articulo
469 3142 675 3225 ambiguitas
695 3141 852 3228 oriretur,
873 3147 984 3206 status
999 3146 1214 3208 constructus
1301 3173 1303 3177 ⁴

142 3261 265 3326 resolvi
285 3281 344 3328 seu
362 3261 595 3346 tollioportet
614 3261 689 3346 (per
708 3260 1011 3345 praepositiones);

90 3397 125 3480 o)
154 3397 182 3460 si
207 3398 322 3482 prius
346 3419 405 3482 per
429 3421 463 3464 ss
488 3398 707 3464 definitum
731 3401 796 3476 est,
826 3395 996 3480 posterius
1021 3401 1134 3461 autam
1162 3396 1214 3461 in·
1247 3445 1250 3450 -

144 3515 331 3596 definitum,
358 3517 522 3584 articulus
541 3539 607 3583 non
627 3515 774 3600 ponitur,
798 3536 840 3579 ue
857 3513 1025 3580 indefiniti
1044 3513 1138 3580 notio
1157 3535 1214 3578 ne-

143 3659 291 3722 cessaria
316 3667 446 3742 pereat,
479 3685 509 3726 v.
539 3683 570 3743 g.
601 3639 746 3770 &iffi
767 3639 858 3777 jis}
893 3633 1214 3724 asinus⁰hortulani

610 3785 625 3811 4

144 3786 332 3869 cujusdam.

629 3929 639 3958 2
689 3921 706 3956 Ε
1106 3943 1108 3947 .

126 3975 208 4034 Not.
225 3991 251 4035 a.
269 3977 299 4035 Si
315 3976 477 4037 nominibus
493 3977 600 4038 formae
620 3947 702 4051 iiiii
721 3982 739 4042 i.
757 3999 781 4040 e.
796 3977 982 4054 superlativis
997 3977 1148 4053 adjectivis
1165 3978 1213 4037 de·

38 4085 179 4144 finitionis
204 4103 293 4146 causa
313 4087 526 4146 substantivum
541 4089 735 4162 postponitur,
758 4089 888 4182 sequitur
902 4088 931 4146 iu
947 4087 1074 4162 genitivo
1091 4087 1151 4146 siue
1166 4106 1212 4146 av·

38 4196 140 4268 tioulo,
163 4196 230 4270 quia
252 4197 398 4278 genitivus
420 4215 476 4256 non
498 4198 560 4258 vult
582 4197 638 4256 nisi
656 4215 726 4272 rem,
751 4218 807 4274 quo
831 4199 1024 4274 superlativus
1044 4215 1075 4257 sa
1096 4197 1211 4270 referat,

982 4295 991 4322 e
1057 4286 1076 4321 5

39 4340 177 4413 indicare,
201 4357 288 4414 quare
298 4340 445 4400 articulus
468 4358 701 4417 supervacaneus
716 4343 761 4418 fit,
783 4359 808 4400 v.
823 4361 851 4418 g.
868 4307 947 4452 δὲ)
972 4309 1070 4415 Mil
1087 4343 1211 4418 optimus

863 4425 879 4450 ὤ

41 4466 99 4536 vlr3
122 4485 209 4549 quarn
226 4467 471 4533 constructionem
487 4469 572 4530 etiam
588 4470 745 4532 numeralia
761 4471 909 4549 ordinalia,
930 4487 1003 4546 quae
1019 4470 1211 4550 superlativos
