2872 5028
231 363 284 430 54.
301 363 341 420 De
353 360 439 432 signis
452 358 683 433 orthographicis.
699 357 732 416 D.
746 343 858 415 lladdo.
876 353 909 414 E.
920 355 1015 431 anla.
1174 348 1211 409 15

94 524 130 607 a)
151 522 268 604 Voces,
289 545 375 608 quae
393 545 415 588 a
432 527 638 590 consonante
655 541 763 588 vacua
780 519 983 604 incipientes
1002 518 1044 584 ob
1064 538 1213 606 pronun-

147 642 305 707 ciationis
324 645 435 709 nisum
448 640 599 706 vocalem
615 639 681 706 sibi
698 642 913 724 praeponunt
929 636 1160 704 brevissimam
1179 640 1213 702 et

147 760 300 844 fugacem
319 781 458 844 eamque
477 782 505 840 e,
524 759 590 825 nisi
609 779 730 825 causae
747 757 910 822 accedant
928 755 1109 840 graviores,
1129 765 1212 839 v.‘g.
1262 746 1265 751 ’

147 879 183 942 in
200 879 340 945 vocibus
361 877 527 960 barbaris,
544 875 639 963 'quae
664 877 791 962 duplici
811 880 1016 942 consonante
1033 874 1213 959 incipiunt,

146 1028 186 1088 ut
206 979 323 1132 Ml
342 1029 469 1109 σκίλλα,
490 987 622 1176 {³⁴21
646 1032 791 1115 σπόγγος,
818 992 894 1131 522
913 1020 1016 1088 filius
1048 1020 1122 1087 Hoc
1145 1017 1218 1086 Elis

144 1185 340 1253 hamzatum
358 1184 454 1251 audit
472 1183 782 1268 prostheticum.

55 1385 58 1390 ’
92 1361 130 1448 b)
152 1363 260 1432 Voces
284 1386 359 1430 cum
382 1362 527 1432 articulo
553 1319 600 1443 [ll
618 1364 831 1450 conjunctae,
860 1364 895 1430 in
923 1386 990 1448 quo
1013 1359 1139 1427 vocalis
1171 1359 1215 1428 ob

147 1503 245 1548 usum
269 1483 578 1569 frequentissimum
606 1482 641 1547 in
665 1482 830 1550 orationis
853 1505 941 1549 nexu
967 1480 1116 1560 eliditur,
1149 1500 1215 1562 quo

148 1601 240 1669 facto
259 1604 380 1669 harum
394 1623 512 1670 vocum
531 1602 663 1688 syllaba
679 1601 790 1685 prima
803 1603 875 1668 voci
895 1601 1003 1689 priori
1020 1598 1137 1667 intime
1156 1598 1215 1664 ad·
1244 1679 1248 1688 .

147 1721 305 1802 nectitur,
329 1725 424 1808 cujus
442 1721 576 1788 unionis
600 1718 762 1786 indicium
784 1726 836 1788 eat
859 1721 991 1804 signum
1013 1732 1078 1782 ,ἱ-
1096 1717 1216 1782 literae

148 1863 221 1928 Elis
241 1863 452 1947 impositum,
477 1864 568 1948 qnod
590 1863 804 1948 grammatici
827 1864 960 1930 nomine
985 1819 1081 1968 ΞΩ,
1109 1859 1217 1954 Uasla

149 1980 172 2043 i.
192 2002 220 2046 c.
245 1982 326 2047 unio
345 1980 396 2048 vel
419 1983 611 2067 conjunctio
636 1982 862 2069 appellarunt.
900 1982 989 2048 Hinc
1006 1980 1134 2046 Hamza
1152 1980 1216 2046 hoc

149 2125 246 2210 signo
272 2132 393 2214 notata
418 2127 547 2194 Hamza
572 2127 707 2195 unionis
735 2127 851 2208 audit,
869 2149 901 2192 r·
922 2148 954 2210 8·
984 2094 1108 2206 Ml
1129 2092 1216 2206 :³1⁵

148 2299 183 2366 :j-
200 2270 470 2362 lpclbul-maleki,
489 2293 547 2340 cor
566 2272 666 2357 regis.

130 2437 212 2498 Not.
235 2455 261 2496 a.
290 2438 373 2497 Haec
392 2438 461 2499 unio
475 2454 589 2514 semper
604 2442 697 2500 locum
712 2438 812 2513 habet,
834 2439 948 2515 quando
963 2454 1017 2497 vox
1037 2439 1217 2514 praecedens

44 2535 141 2597 vocali
161 2538 340 2612 terminatur,
363 2554 447 2606 secus
463 2540 573 2602 vocalis
593 2525 631 2600 acl
653 2543 858 2606 consonantem
870 2539 1050 2616 jungendam
1065 2539 1110 2598 est
1132 2556 1217 2599 aesu-

43 2641 158 2700 menda.
268 2631 271 2638 ⁴

129 2744 214 2802 Not.
239 2743 267 2802 b.
304 2739 335 2800 si
356 2757 459 2804 nomen
481 2743 604 2802 articulo
621 2744 766 2804 munitum
784 2739 889 2817 incipit
911 2763 977 2807 cum
997 2763 1054 2806 una
1075 2729 1109 2806 ex
1123 2745 1235 2808 literis·

42 2844 201 2917 solaribus,
216 2843 272 2903 hae
287 2842 317 2902 in
332 2845 572 2918 pronunciatione
586 2845 665 2906 trahi
680 2846 788 2906 debent
803 2847 839 2904 ed
850 2847 979 2908 vocalem
992 2848 1120 2909 ultmam
1136 2847 1216 2907 vocis

42 2947 256 3019 praecedentis,
276 2944 345 3019 quia
362 2929 386 3013 δ
404 2949 471 3008 anto
487 2948 598 3008 solares
612 2947 714 3008 literas
729 2946 831 3028 iisdem
847 2949 1026 3012 assimilatur
1041 2943 1218 3025 pernoscit

42 3089 247 3163 euphonicum,
260 3108 285 3150 v.
297 3109 325 3167 g.
343 3041 589 3199 ffllliflyss
608 3111 642 3135 =
657 3087 929 3170 hartratus's'amsi,
948 3094 1029 3156 calor
1044 3095 1123 3157 eolis.

121 3276 153 3335 2.
187 3269 263 3338 Non
281 3272 389 3376 omnis
408 3279 521 3340 autem
538 3275 667 3341 Hamza
685 3277 783 3343 initio
801 3277 891 3342 vocis
910 3277 1023 3362 posita
1045 3276 1146 3343 simul
1165 3281 1218 3342 est

44 3390 175 3455 Hamza
199 3391 345 3472 unionis,
370 3391 429 3459 sed
447 3395 527 3460 talis
546 3395 765 3479 restringitur
788 3397 831 3461 ad
850 3396 1011 3463 Hamzam
1033 3395 1216 3481 prosthcti·

45 3530 130 3575 cam.
166 3507 306 3592 Signum
325 3510 443 3602 Wasla
461 3534 540 3598 ergo
559 3508 672 3579 locum
690 3512 810 3579 habet:

95 3655 131 3739 a)
156 3653 193 3719 in
213 3653 356 3720 articulo
377 3614 430 3738 ji,
450 3677 517 3742 quo
536 3661 570 3724 et
587 3658 735 3742 pertinet
752 3657 792 3737 ia,
818 3658 876 3742 qni
895 3659 997 3725 estin
1017 3663 1216 3746 pronomine

152 3797 294 3866 relativo
315 3758 430 3898 &All

94 3961 133 4047 b)
158 3961 194 4028 in
213 3947 324 4026 decem
342 3963 552 4032 nominibus:

150 4128 183 4211 1)
204 4096 280 4236 53!
294 4132 381 4218 etc)
408 4101 478 4240 Ἢ
493 4128 594 4211 finus,
657 4127 691 4212 5)
712 4094 840 4254 &ling
855 4123 952 4208 cuae,

58 4399 60 4402 Ι
148 4289 182 4372 3)
203 4243 371 4399 inssgfilia,
658 4317 692 4402 6)
712 4283 802 4425 &2
819 4320 944 4398 natea,

57 4513 61 4572 ζ
148 4419 401 4576 ‘ligni-&Nlla
657 4462 691 4546 t)
713 4432 927 4575 §gnomen
