2872 5028
707 310 897 368 ..χχ-

435 465 485 588 2.ἃ
499 470 559 549 uc
586 470 809 570 scripturae
832 470 1020 548 arabicae
1038 469 1144 548 latis.

278 611 433 678 Historia
451 613 642 697 scripturae
661 612 818 706 arabicae
839 612 880 676 ob
896 618 1191 678 monumentorum
1208 611 1397 676 defectum

203 738 465 806 difficultatibus
489 740 581 806 haud
605 745 714 821 caret;
752 728 827 805 cum
851 739 1023 824 scriptura
1042 738 1198 804 culturae
1223 761 1285 805 neo
1319 761 1400 803 non

202 869 390 935 characteri
419 869 563 954 alicujus
591 867 712 953 populi
742 867 999 956 correspondet,
1026 887 1100 932 eam
1128 868 1220 933 inter
1250 866 1399 931 Arabes

203 996 364 1063 cultiores
383 997 551 1080 urbesque
571 995 758 1062 incolentes
778 998 872 1080 prius
898 996 934 1059 in
951 1017 1017 1060 usu
1035 994 1150 1074 fuisse,
1172 1016 1273 1077 quam
1292 994 1400 1057 inter

200 1123 314 1188 tribus
329 1123 521 1189 Nomadum
540 1130 648 1208 patet.
669 1125 709 1189 In
727 1106 855 1189 Arabia
874 1113 970 1187 felice
983 1143 1042 1187 seu
1056 1121 1172 1186 lernen
1189 1093 1398 1206 antiquitus

198 1252 267 1334 jam
286 1251 417 1316 usitata
435 1258 510 1317 erat
528 1253 707 1336 scriptura,
728 1273 816 1336 quae
843 1250 885 1315 ab
909 1246 1154 1340 Himjaritis,*)
1174 1249 1303 1332 populo
1326 1270 1397 1331 po-

203 1401 294 1462 tente
313 1402 348 1460 et
365 1397 467 1477 culto,
489 1397 617 1480 scripta
635 1397 889 1488 lpimjaritica
905 1350 1176 1520 gffllaep'ffli
1191 1399 1242 1458 est
1275 1393 1397 1459 nomi·

202 1549 285 1608 nata
311 1549 344 1608 et
371 1565 477 1627 usque
507 1543 550 1607 ad
581 1541 825 1607 Muhammedis
855 1545 1009 1624 tempora
1044 1539 1198 1604 floruisse
1228 1541 1394 1618 videtum

203 1673 297 1756 cujus
323 1692 400 1736 vero
420 1655 544 1736 indolis
563 1671 646 1736 haec
664 1670 836 1753 scriptura
854 1667 968 1747 fuerit,
990 1665 1123 1733 definiri
1148 1668 1276 1751 nequit,
1298 1667 1392 1750 quia

205 1799 260 1862 vix
279 1796 373 1860 illius
386 1797 553 1880 reliquiae
569 1797 751 1881 supersint,
766 1795 833 1860 nisi
851 1795 943 1878 quod
958 1798 1148 1881 scripturae
1163 1793 1388 1878 aethiopicae

203 1925 335 1991 vicinae
353 1944 424 1988 eam
449 1929 627 2007 cognatam
652 1924 754 1988 fuisse
773 1925 977 2008 suspicatur.
1022 1925 1163 1988 Praeter
1185 1921 1272 1986 hanc
1298 1922 1390 1985 seri-

200 2037 306 2118 bendi
324 2051 490 2116 rationem
512 2050 581 2115 alia
599 2073 717 2116 rursus
732 2053 835 2116 Hirae
854 2052 1019 2137 imprimis
1039 2059 1072 2118 et
1086 2049 1225 2130 Anbari,
1242 2049 1387 2134 oppidis

204 2185 398 2245 mercatura
415 2176 618 2260 illustribus
638 2179 823 2244 utebantur
842 2180 982 2254 Arabes,
1009 2200 1095 2266 quae
1109 2184 1187 2266 toto
1202 2178 1237 2242 in
1258 2178 1387 2244 habitu

206 2311 396 2393 scripturae
416 2307 579 2390 syriacae,
600 2305 654 2370 cui
678 2310 712 2370 et
734 2307 802 2377 situ
825 2313 937 2372 terrae
962 2308 1117 2392 proxima
1143 2305 1226 2386 fuit,
1260 2304 1388 2370 similis

205 2439 290 2501 erat.
332 2432 382 2499 Ab
401 2434 600 2498 Hirensibus
623 2433 716 2498 brevi
741 2437 818 2498 ante
842 2433 1112 2498 Muhammedem
1137 2440 1255 2498 natum
1280 2433 1388 2518 hujus

206 2563 394 2646 scripturae
419 2583 500 2626 usus
519 2561 562 2625 ad
577 2559 703 2624 tribum
719 2553 879 2626 Coraisch
894 2567 945 2627 est
964 2567 1185 2647 propagatae,
1203 2583 1288 2646 quae
1306 2583 1387 2625 cum

207 2689 339 2756 Corano
359 2689 491 2774 integro
511 2687 730 2753 describendo
750 2687 938 2770 inserviret,
954 2711 1031 2754 mox
1050 2690 1085 2752 in
1101 2710 1214 2752 omnes
1229 2685 1380 2754 Arabiae

149 2845 151 2850 ·
207 2824 337 2882 tractus
357 2823 409 2883 est
427 2817 526 2881 illata
544 2837 582 2882 eo
601 2837 677 2881 cum
696 2836 863 2897 successu,
884 2821 921 2880 ut
946 2815 1086 2900 reliquis
1106 2816 1274 2881 scribendi
1293 2815 1382 2880 Ara-

205 2946 285 3010 bum
300 2944 479 3028 generibus
494 2943 685 3009 obliteratis
695 2942 769 3008 sola
779 2929 930 3009 maneret
945 2943 1135 3023 dominans,
1153 2941 1211 3009 'cui
1221 2945 1385 3008 successit

208 3071 302 3138 aliud
326 3073 515 3157 scripturae
539 3093 642 3156 genus
672 3069 854 3135 Cuficum
887 3071 1096 3154 appellatum
1127 3094 1146 3136 a
1171 3071 1270 3151 Oresa,
1297 3071 1381 3136 urbe

208 3201 324 3266 Iracac
338 3200 408 3266 sive
423 3198 618 3264 Chaldaeae
634 3200 676 3264 ad
691 3199 899 3285 Euphratem
916 3200 982 3265 sita
998 3206 1031 3264 et
1045 3200 1183 3280 illustri,
1199 3200 1289 3282 quod
1302 3199 1381 3263 inde

210 3328 316 3412 magis
351 3326 522 3392 excultum
563 3327 667 3394 fuisse
702 3327 892 3412 fertur,**)
921 3327 1029 3392 literis
1059 3333 1217 3394 constans
1246 3327 1379 3410 quidem

112 3495 115 3500 -
200 3454 340 3540 junctis,
361 3459 414 3520 ast
432 3453 659 3520 crassioribus
679 3461 713 3520 et
734 3455 935 3539 majoribus3
972 3455 1156 3539 specimina
1181 3452 1278 3538 hujus
1296 3454 1376 3518 scri-

204 3583 306 3649 bendi
325 3581 467 3666 generis,
491 3581 582 3664 quod
596 3603 656 3665 per
670 3587 841 3648 trecentos
856 3603 962 3649 annos
976 3581 1104 3659 floruit,
1124 3579 1158 3644 in
1178 3579 1374 3664 quibusdam

207 3710 441 3796 sepulcrorum
461 3708 688 3773 monumentis
708 3716 742 3774 et
757 3711 900 3774 nummis
920 3731 1027 3792 usque
1046 3708 1089 3773 ad
1104 3709 1284 3793 septimum
1300 3713 1373 3792 post

210 3837 479 3904 Muhammedem
504 3837 677 3901 saeculum
703 3837 794 3902 acin
818 3837 928 3902 titulis
953 3836 1118 3902 librorum
1142 3836 1369 3902 Africanorum

213 3967 256 4032 ad
274 3972 393 4032 nostra
412 3985 520 4048 usque
541 3971 696 4047 tempora
716 3966 956 4048 perdurarunt.
990 3965 1097 4028 Paulo
1121 3971 1234 4028 tamen
1253 3963 1371 4042 Arabes

289 4197 312 4265 *)
329 4193 497 4267 iiimjaritae
522 4191 555 4246 ab
574 4191 685 4264 Himjar
702 4191 756 4248 ben
771 4192 849 4255 Saba,
869 4193 914 4262 qui
932 4194 1037 4264 primus
1050 4193 1171 4248 Arabum
1189 4191 1324 4246 reninisse
1343 4197 1369 4246 et

207 4297 415 4352 evestimentis
434 4296 524 4350 rubris
544 4271 667 4392 (ἓν)
692 4311 790 4348 nomen
818 4311 895 4349 suurn
922 4297 1057 4366 recepisse
1082 4295 1182 4360 fertur,
1210 4293 1367 4349 derivantur.

104 4370 108 4380 ’
205 4383 241 4438 ci.
258 4383 379 4452 Freytag
397 4383 416 4436 1.
435 4397 458 4436 c.
478 4397 540 4450 pag.
562 4383 609 4432 itti
629 4395 686 4448 seq.

271 4467 309 4534 '*)
327 4465 433 4521 Adlerii
451 4459 610 4535 Descriptio
629 4463 714 4518 Codd.
734 4465 828 4532 quord.
848 4463 964 4522 Culicor.
984 4441 1038 4520 etc.
1058 4465 1151 4521 Alton.
1173 4469 1245 4519 178⁰.
