2872 5028
141 303 211 370 51⁰·
228 301 269 358 De
280 301 355 358 liter.
367 301 416 358 inf.
428 301 527 358 mutm.
552 303 567 370 t
582 303 621 358 11.
640 299 672 357 Α.
690 297 734 356 De'
745 317 802 370 reg.
816 296 925 368 Quietis
936 296 982 357 lit.
998 325 1033 388 5
1045 301 1076 354 et
1108 348 1115 362 ,
1191 289 1231 353 23

1084 340 1102 401 2

57 464 138 529 duci
157 468 315 547 possunt,
340 463 506 546 quianon
525 483 656 545 semper
675 469 755 530 sunt
772 462 979 546 applicatae,
1003 463 1155 545 quamvis
1173 483 1231 528 eu·

56 581 186 666 phonia
208 601 324 646 earum
349 579 611 664 applicationem
635 583 806 667 requirere
829 582 1013 648 videretur.
1047 581 1095 647 Ut
1117 581 1233 665 itaque

57 700 236 764 literarum
259 698 379 762 harum
403 700 631 782 proprietates
654 699 690 765 in
712 699 829 784 lingua
852 699 990 768 arabiae
1012 699 1097 766 bene
1116 705 1150 766 et
1167 699 1232 766 rite

59 817 320 902 perspiciantur,
349 817 570 901 inquirendae
594 823 673 884 sunt
695 840 807 884 omnes
827 837 922 885 voces
947 817 982 883 in
1001 818 1144 903 singulis
1163 821 1232 886 suis

59 937 381 1017 modificationibus,
405 940 444 1001 ut
462 937 661 1003 attendatur
685 937 727 1004 ad
745 958 861 1002 earum
880 937 1107 1004 mutationum
1126 939 1232 1004 ratio·
1284 1005 1286 1010 s

59 1079 145 1120 nem.
178 1053 315 1140 Optima
329 1055 457 1138 absque
472 1055 574 1122 dubio
594 1056 628 1120 in
642 1055 870 1140 proponendis
889 1055 1065 1122 literarum
1083 1055 1232 1123 infirma·

60 1163 134 1240 rum
154 1175 282 1258 regulis
301 1195 340 1239 ea
357 1180 408 1239 est
426 1174 615 1255 methodus,
636 1195 704 1258 qua
718 1173 869 1274 diversae
884 1173 1077 1257 regularum
1089 1165 1233 1242 istarum

60 1292 331 1359 modificationes
350 1297 590 1376 enumerantur
613 1291 781 1377 simulque
806 1292 850 1357 ad
867 1293 1042 1375 rationem,
1067 1296 1121 1361 cui
1146 1295 1233 1361 inni·
1323 1365 1327 1372 ,
1433 1306 1434 1326 ’

63 1411 420 1489 turturmutaticnes,
440 1411 658 1476 reducuntur.

145 1531 228 1604 Not.
257 1543 338 1604 Haec
361 1542 501 1620 expositio
524 1542 641 1602 maximi
657 1547 702 1604 est
721 1541 868 1615 momenti,
891 1543 960 1619 qnia
976 1544 1013 1604 ab
1029 1560 1063 1605 se
1078 1544 1151 1605 bene
1165 1501 1233 1620 per-

60 1647 166 1719 specta
181 1645 323 1720 dependet
337 1645 469 1720 perlecta
483 1643 636 1705 verborum
651 1644 825 1731 infirmorum
842 1645 979 1720 cognitio.

141 1770 176 1855 3)
209 1765 383 1852 Distingui
410 1767 533 1832 debent
566 1768 784 1848 mutationes²
819 1787 903 1851 quas
936 1767 1082 1834 subeunt
1115 1768 1233 1836 literae

61 1885 219 2000 infirmae
239 1920 274 1984 5
293 1892 327 1951 et
345 1933 361 1994 7
382 1885 495 1967 abiis,
517 1907 601 1970 quae
621 1891 777 1972 spectant
795 1886 837 1950 ad
858 1887 877 1958 t.

137 2023 210 2088 Iam
230 2045 270 2088 ex
283 2022 396 2088 indole
410 2043 472 2088 sua
485 2020 604 2092 literae
620 2056 656 2120 5
676 2027 710 2088 et
723 2068 742 2128 ,
763 2007 915 2105 proxime
933 2021 976 2088 ed
992 2020 1124 2087 vocales
1138 2023 1150 2087 i
1165 2027 1233 2090 etu

58 2142 228 2207 accedunt
251 2147 285 2207 et
307 2140 508 2224 persistunt,
537 2140 672 2224 quando
695 2140 826 2206 nullum
848 2141 1028 2226 patiuntur
1050 2140 1232 2222 'influxum3

57 2282 127 2342 quc
155 2265 268 2346 antem
295 2258 407 2344 posito
434 2259 559 2342 triplex
585 2259 763 2324 literarum
790 2257 1000 2324 infirmarum
1027 2260 1233 2326 modificatio

59 2378 227 2462 distingui
246 2382 379 2462 potest:
458 2357 470 2382 ⁸

111 2499 146 2582 a)
175 2496 309 2561 Literae
332 2494 395 2561 hae
414 2491 463 2559 'ob
488 2496 636 2562 vocalem
660 2497 812 2581 proxime
836 2497 1091 2581 praecedentem
1116 2497 1232 2562 homo·

78 2697 81 2702 Ι
181 2632 319 2698 geneam
342 2615 376 2679 in
402 2613 682 2699 pronunciatione
706 2637 772 2680 non
798 2616 1049 2700 percipiuntur,
1080 2615 1233 2699 quamvis

186 2731 312 2815 figuras
332 2732 511 2814 retineant,
530 2732 552 2796 i.
573 2755 600 2798 e.
621 2734 824 2818 rediguntur
842 2736 885 2800 ad
904 2735 1099 2819 quietem3
1119 2740 1179 2798 aut

115 2867 153 2952 b)
186 2867 306 2932 literae
335 2867 397 2932 hae
419 2867 546 2950 figuras
569 2875 713 2952 mutant,
740 2892 815 2936 cnm
839 2872 978 2956 propius
1005 2869 1167 2956 accedant
1191 2869 1234 2934 ad

184 2986 333 3051 vocalem
352 2987 503 3070 proxime
518 2969 773 3071 praecedentem
790 2989 843 3056 vel
863 2991 905 3055 ad
921 2990 1054 3055 literam
1070 3009 1233 3054 annexam

183 3105 206 3170 i.
227 3113 255 3169 e.
276 3111 594 3188 convertuntur3
623 3113 682 3173 aut

112 3242 146 3326 c)
177 3240 212 3304 in
232 3241 434 3324 quibusdam
452 3243 585 3310 casibus
604 3265 671 3309 non
689 3243 896 3324 scribuntur,
923 3261 982 3308 seu
1000 3247 1040 3308 ut
1059 3241 1232 3308 Gramma·

182 3359 242 3424 tici
261 3359 391 3440 dicunt,
417 3360 691 3446 abjiciuntur.

147 3494 231 3556 Nat.
266 3493 479 3567 Nonnunquam
508 3493 536 3551 in
565 3512 623 3554 nna
643 3512 712 3556 voce
736 3495 841 3569 duplex
863 3491 920 3556 imo
942 3495 1047 3570 triplex
1068 3493 1234 3569 hujusmodi

57 3594 237 3654 modificatio
253 3595 299 3654 ast
313 3593 502 3654 instituenda.

139 3717 178 3781 ln
197 3716 416 3800 sequentibus
436 3709 514 3799 ergo
534 3724 772 3802 proponuntur
789 3716 927 3800 regulae
946 3718 1062 3784 literas
1081 3718 1231 3784 infirmas

62 3871 98 3934 5
117 3841 160 3898 et
183 3881 199 3942 7
223 3837 460 3898 concernentes
489 3836 681 3920 etquidem
713 3836 752 3900 A.
780 3836 958 3916 Quietis3
993 3838 1032 3902 B.
1059 3837 1231 3904 Conver-

58 3954 191 4020 sionis
216 3959 251 4018 et
274 3952 310 4018 Ο.
330 3952 594 4036 Abjecticnis.

158 4154 247 4240 511.
284 4155 325 4220 A.
352 4155 405 4220 De
428 4156 571 4239 regula
589 4159 747 4238 Quietis
765 4159 979 4224 literarum
1001 4195 1035 4256 5
1055 4165 1090 4224 et
1107 4193 1155 4266 7.-

139 4293 256 4357 Litera
273 4290 408 4357 infirma
431 4311 498 4357 non
521 4283 777 4377 pronunciatum
799 4295 858 4362 sed
882 4295 1056 4378 quiescit
1079 4296 1231 4379 proxime

62 4410 285 4497 praecedente
309 4409 441 4475 vocali
464 4409 719 4494 homogeuea.
