2856 5044
470 349 486 418 9
502 351 558 404 102.
576 347 616 402 De
627 345 754 404 Nomine.
1154 343 1210 404 171

115 513 150 576 3.
181 511 391 576 Terminatio
410 510 595 594 pluralis
614 510 703 574 sani
726 510 762 574 in
785 508 903 593 lingua
925 508 1060 593 vulgari
1087 511 1218 576 usitata

27 632 80 692 est
101 630 349 696 tantummodo
369 661 426 736 Ψ
447 629 512 714 (in)
531 651 594 714 pro
613 628 810 694 masculinis
829 634 863 694 et
881 624 932 700 ml
952 627 1019 714 (at)
1038 651 1101 713 pro
1120 628 1215 695 femi-

25 747 136 829 ninis,
168 774 199 816 v.
226 773 259 835 g.
287 744 425 856 mdiu
455 745 638 834 (alaman)
667 747 784 812 mundi
811 768 831 810 a
856 746 942 830 sing.
971 741 1051 860 ,lte
1081 739 1214 833 (alam)

24 859 184 942 ωῑὲὸω
210 868 364 959 (sadlvat)
390 889 410 932 a
431 867 517 952 sing.
546 877 653 942 &soto
674 865 830 958 (sadlgat)
852 863 1081 952 eleemosyna;
1109 868 1217 950 magis

27 986 173 1052 usitata
193 993 274 1052 sunt
290 986 441 1070 pluralia
457 987 579 1052 fracta.

108 1127 145 1186 4.
179 1121 309 1189 Casus
328 1121 464 1206 singuli,
485 1124 544 1206 qui
562 1123 597 1188 in
611 1121 729 1206 lingua
748 1121 874 1188 literali
890 1121 1160 1206 distinguuntur,
1180 1122 1216 1187 in

22 1234 157 1319 lingua
175 1239 310 1324 vulgari
329 1262 398 1306 non
416 1243 578 1323 existunt,
601 1246 856 1325 cognoscuntur
874 1246 988 1307 autem
1008 1262 1025 1305 e
1043 1241 1216 1308 nominum

26 1357 213 1439 positione
232 1361 421 1443 respectiva
440 1365 500 1425 aut
518 1382 536 1426 e
553 1360 866 1444 praepositionibus
885 1361 1024 1426 additis.

85 1495 126 1578 a)
145 1493 1214 1580 Genitivusoognosoitureconjunctioneduorumnominum,

144 1636 289 1699 quorum
309 1615 455 1680 alterurn
474 1620 526 1680 est
543 1615 826 1699 complementum
844 1616 969 1700 prioris
989 1618 1116 1702 (status
1135 1605 1215 1681 oon·

139 1734 325 1820 structus);
349 1734 486 1800 nomina
510 1755 527 1798 e
549 1733 668 1818 lingua
685 1740 784 1801 turca
803 1735 959 1801 desumta
982 1735 1045 1801 tali
1069 1736 1104 1800 in
1122 1738 1216 1800 statu

144 1855 341 1922 adsciscunt
357 1854 393 1920 in
412 1852 477 1917 fine
497 1861 512 1922 ii
532 1850 607 1919 loco
627 1854 635 1927 l
654 1853 777 1934 finalis,
801 1854 853 1919 uti
871 1851 975 1934 ,ὦ
996 1847 1083 1939 italo
1103 1840 1217 1937 (biset

138 1973 263 2065 Haleb)
280 1967 408 2060 alaim
423 1970 581 2037 similitor
591 1965 645 2045 lbi
661 1967 735 2055 ag'a,
750 1967 829 2046 [00
846 1973 979 2058 (dunia)
995 1971 1141 2038 mundus
1152 1976 1214 2036 etc.

141 2093 230 2158 Dein
253 2092 422 2176 genitivus
452 2091 555 2157 etiam
582 2091 783 2175 exprimitur
811 2113 871 2176 per
898 2091 1113 2159 substantiva
1134 2084 1216 2202 elsa
1243 2149 1244 2152 ,

141 2187 246 2298 (misi)
262 2217 322 2275 aut
335 2203 412 2324 fill?
430 2201 528 2294 (hta)
544 2210 713 2293 possessio
729 2210 781 2277 vel
792 2243 852 2338 e,
869 2201 991 2298 (tabia),
1008 2204 1097 2298 dig&
1114 2208 1216 2296 (dial)

141 2333 177 2393 a
195 2323 258 2411 oa
279 2328 377 2413 (aar)
398 2349 466 2410 ree
490 2323 567 2393 nno
585 2350 648 2412 pro
668 2325 779 2452 osis
798 2307 1062 2428 praevisas
1081 2327 1217 2423 nouus)

142 2447 230 2514 liber
248 2448 343 2514 Petri
361 2448 428 2513 diei
446 2453 575 2533 potest:
596 2444 708 2570 wion
728 2441 810 2562 elsa
825 2443 956 2546 qimi
977 2449 1122 2534 (elkitab
1138 2439 1193 2514 mt‘
1198 2469 1218 2512 a

142 2567 283 2660 botrus)
297 2607 332 2629 Ε
354 2566 440 2633 liber
458 2567 650 2652 proprietas
670 2567 869 2654 (possessio)
889 2568 994 2634 Petri.

85 2705 126 2789 b)
148 2704 319 2769 Dativus
340 2724 401 2787 per
418 2688 705 2788 praepositionem
724 2699 749 2784 δ
769 2704 982 2788 designatum

87 2841 123 2926 o)
145 2839 418 2906 Accusativus
442 2844 557 2904 autem
575 2840 711 2906 nonnisi
735 2860 752 2905 e
770 2839 940 2925 positione
958 2862 1020 2905 sua
1043 2846 1121 2926 post
1139 2841 1218 2905 sub-

135 2961 263 3046 jectum
287 2965 321 3025 et
344 2958 579 3044 praedicatum
603 2958 832 3042 cognoscitur,
861 2981 891 3024 v.
916 2981 948 3042 g.
978 2955 1090 3071 ,ml
1119 2975 1213 3080 &fo

141 3073 284 3168 Ml
305 3078 426 3166 (clarab
441 3070 651 3143 el-muallem
663 3077 835 3163 ettalmicl)
849 3077 1011 3162 magister
1025 3077 1215 3144 verberavit

143 3196 360 3281 discipulum.
1178 3185 1179 3188 Ἴ

121 3347 150 3404 N
157 3348 204 3405 ot.
234 3345 447 3421 Nonnunquam
471 3345 589 3406 additur
611 3344 797 3406 substantivo
819 3343 850 3404 in
872 3345 1043 3406 accusativo
1064 3343 1159 3418 posito
1185 3343 1215 3402 in

20 3463 257 3534 ¹conversatione
272 3463 440 3525 terminatio
457 3454 523 3526 ll.
543 3467 616 3543 (an),
637 3463 809 3540 praeprimis
832 3464 857 3523 si
879 3480 997 3524 sensum
1018 3460 1217 3522 adverbialem

29 3609 133 3668 induit
148 3626 260 3682 nomen,
276 3627 302 3666 v.
318 3627 347 3684 g.
364 3575 463 3685 [ἶνα
481 3606 620 3686 (g'asban)
636 3609 655 3667 i.
671 3627 694 3668 e.
713 3626 776 3669 cum
792 3609 821 3666 vi
836 3625 888 3668 seu
902 3606 1038 3667 violente.

87 3775 125 3859 d)
146 3774 369 3841 Vocativus
384 3773 586 3858 exprimitur
596 3773 857 3858 aequaliterper
865 3767 1112 3862 particulamlg
1129 3773 1218 3838 siout

137 3918 173 3982 in
191 3917 330 3999 literali,
348 3917 426 3983 hinc
437 3911 531 4033 wls·
551 3914 583 3991 l,
605 3919 658 4004 (ja
675 3915 781 4002 fares)
801 3938 947 4002 ceques,
967 3916 1020 3981 vel
1040 3938 1114 3983 cum
1133 3917 1217 3982 arti-

139 4062 228 4142 cu10,
257 4057 386 4178 ‘mm'
406 4052 480 4160 [4:42
500 4056 531 4132 b
553 4063 603 4147 (ja
621 4061 733 4145 ejjuha
751 4061 918 4147 el-fares).

114 4221 144 4281 5.
172 4215 387 4281 Articulus
408 4211 445 4296 dl
465 4222 565 4282 sonat
583 4214 630 4295 el;
658 4234 759 4298 saepe
784 4219 896 4280 tamen
915 4215 950 4280 in
969 4235 1123 4280 sermone
1142 4213 1216 4280 vul-

36 4337 113 4420 gari
135 4334 208 4400 Elis
228 4355 296 4399 non
321 4333 469 4416 auditur,
494 4336 545 4401 ita
567 4339 606 4400 ut
624 4338 722 4400 sonet
745 4339 784 4400 ut
801 4331 813 4399 l
832 4333 986 4419 simplex,
1007 4339 1041 4400 et
1059 4333 1216 4419 sequitur

35 4454 170 4542 regulas
189 4454 224 4520 in
243 4453 465 4544 grammatica
483 4453 666 4540 expositas.
