2872 5028
431 1458 832 1666 rnusruuun.

113 1765 341 1865 Elementa
372 1767 550 1892 linguae
583 1773 628 1866 ct
658 1769 907 1894 scripturae
938 1753 1153 1868 arabicas.

530 2013 559 2084 I.'
585 2011 741 2085 CAPUT.
797 2015 801 2022 ”

308 2183 368 2262 De
391 2146 563 2263 lectione
590 2184 631 2260 et
658 2181 953 2288 orthographia
1071 2216 1076 2223 ·

50 2411 122 2493 §L
170 2409 230 2475 De
263 2409 646 2478 Consonantibus
683 2413 930 2497 earumque
966 2407 1139 2496 figuris
1175 2415 1218 2476 et

490 2528 769 2598 nominibus.

147 2683 376 2774 Alphabetum
391 2683 541 2750 Arabum
555 2681 695 2767 uulgare
716 2685 837 2769 viginti
855 2690 931 2751 octo
955 2684 1073 2749 literas
1093 2702 1217 2768 easque

51 2803 283 2871 consonantes
313 2809 447 2869 tanturn
474 2801 640 2883 continet,
670 2824 756 2888 quae
786 2825 806 2868 a
835 2803 956 2870 dextra
984 2803 1217 2868 sinistrorsum

49 2922 246 2989 scribendae
271 2926 407 2990 suntet
435 2920 612 3004 legendae3
647 2945 709 3007 pro
733 2922 799 2989 loci
826 2923 1037 3003 diversitate,
1063 2942 1162 3006 quem
1181 2922 1216 2986 in

50 3043 196 3110 dictione
230 3043 399 3122 obtinent,
435 3038 546 3123 figura
576 3039 755 3106 literarum
787 3039 1028 3108 nonnullarum
1058 3039 1214 3106 nonnihil

49 3162 171 3242 uariat3
200 3161 303 3228 aliam
321 3159 409 3224 enim
427 3158 530 3224 habet
547 3157 691 3242 figuram
705 3159 807 3225 litera
820 3159 978 3226 absoluta
997 3164 1031 3224 et
1045 3164 1214 3244 separata,

51 3281 150 3346 aliam
168 3281 270 3346 litera
294 3278 438 3344 initialis
458 3278 611 3362 sequenti
635 3299 778 3360 annexa,
807 3277 909 3347 aliam
932 3278 1102 3360 medians,
1128 3299 1214 3363 quae

50 3401 234 3484 utrimque,
255 3405 289 3464 et
307 3398 433 3477 finalis,
462 3419 548 3482 quae
573 3399 791 3482 praecedenti
816 3398 880 3466 soli
907 3397 1109 3464 annectitur.
1156 3395 1214 3462 Se·
1275 3483 1277 3490 y

51 3525 201 3602 quuntur
219 3519 365 3598 nomina,
389 3515 530 3602 figurae,
555 3521 709 3600 potestas
728 3526 762 3584 et
779 3518 1017 3603 transscriptio
1036 3515 1214 3581 literarum

50 3637 81 3702 in
102 3637 234 3718 tabula,
255 3635 377 3721 quibus
396 3634 538 3721 singulis
562 3636 741 3721 appositae
764 3643 844 3704 sunt
866 3637 986 3702 literae
1006 3631 1162 3720 Syriacae
1181 3640 1215 3698 et

49 3757 173 3822 Hebrai
184 3757 243 3822 cae
263 3755 565 3840 correspondentes
583 3775 645 3820 nec
662 3776 729 3822 non
748 3754 844 3822 valor
861 3753 1055 3820 numeralis.

87 4489 253 4540 Zrchokkc,
269 4482 378 4532 Iussit-ut.
392 4486 451 4535 ling.
467 4486 529 4526 crab.
564 4475 568 4484 “
