2872 5028
294 313 366 384 ere.
383 315 467 372 cm
480 313 921 386 regulisaneccronisriterarnm
941 343 977 406 6
995 321 1024 373 ee
1043 353 1069 413 ‚‚
1124 281 1127 292 ’
1206 309 1244 374 27

159 468 189 528 N
200 473 249 530 ot.
271 487 296 530 c.
324 473 356 533 si
384 475 460 536 duee
478 475 581 538 literae
602 476 733 536 infirmae
754 476 973 550 subsequuntur
999 475 1028 537 iu
1050 478 1146 537 eedem
1168 493 1246 550 voce,

72 610 180 684 regula
201 615 399 678 conversionis
421 635 536 695 semper
555 615 709 696 posteriori
725 618 829 682 literam
845 617 1018 694 apiliffliflt
1034 637 1059 683 V·
1075 639 1103 696 8·
1118 636 1151 680 ⁰¹
1170 624 1246 716 573

72 758 106 817 fit
124 723 200 853 573
218 759 350 834 superior
363 761 433 833 init,
457 764 508 822 sed
524 766 621 825 menet
636 740 711 866 (57)
731 762 806 822 satis
821 762 905 823 bibit.

154 929 185 991 2.
214 925 383 1010 Regula.
412 926 528 992 Litera
546 927 691 1010 infirma,
711 947 797 1011 quae
817 927 983 1012 dependet
1001 929 1042 994 ab
1063 926 1131 994 alia
1149 927 1251 994 litera

75 1043 212 1108 infirma
230 1045 295 1110 sibi
311 1043 451 1126 annexa,
471 1053 624 1131 mutatur
642 1046 678 1111 in
696 1045 799 1110 aliam
812 1045 980 1112 infirmam
999 1067 1074 1112 eum
1093 1049 1127 1112 iu
1141 1046 1252 1128 finem,

74 1168 114 1226 ut
133 1162 254 1228 literae
272 1164 336 1229 hae
356 1163 503 1254 facilius
518 1171 578 1231 aut
598 1163 771 1232 confluant
793 1169 854 1228 aut
877 1185 949 1230 ase
968 1166 1109 1231 invicem
1129 1157 1254 1232 discer-

73 1287 223 1362 nantur;
249 1282 328 1348 hinc
355 1273 565 1352 convertitur
593 1283 696 1350 litera
726 1281 861 1350 infirma
886 1282 921 1346 in
945 1281 1063 1364 aliam,
1092 1291 1255 1370 quaeest

73 1399 194 1466 eadem
222 1423 297 1468 eum
322 1403 475 1486 proxime
498 1403 720 1489 praecedente
750 1407 812 1467 aut
838 1403 1063 1485 subsequente
1091 1401 1194 1470 litera
1222 1411 1257 1470 et

78 1519 218 1601 quidem

68 1695 71 1701 Δ
129 1640 166 1724 α)
174 1688 195 1747 ,
210 1641 382 1706 mutatur
373 1663 407 1706 m
420 1676 466 1739 6,
482 1643 624 1711 sivehoc
633 1641 832 1798 pzaeccdat,
842 1641 910 1708 sive
924 1640 1162 1724 subsequatur,
1177 1664 1208 1709 v.
1219 1666 1251 1726 g.

586 1758 638 1798 ὃ
755 1757 810 1797 ⁰6

178 1802 219 1847 ex
236 1801 325 1904 ree)
345 1785 385 1852 fic
403 1749 500 1907 ἐρῶ
520 1809 560 1854 ex
582 1771 666 1900 fija]
685 1787 726 1854 fit
752 1765 820 1900 fidi
839 1787 929 1868 dies3

129 1962 211 2053 β)
184 1983 212 2027 su
232 1963 378 2046 priorem
397 1965 438 2030 lit
425 1971 530 2032 teram
545 1966 713 2032 infirmam
731 1964 882 2050 proxime
901 1963 1074 2048 praecedit
1092 1970 1155 2043 -’-,
1176 1985 1232 2028 mu

179 2088 275 2146 tatur
293 2105 362 2168 qua
379 2085 505 2151 vocalis
523 2082 811 2151 infirmissimam
830 2083 1004 2149 fortiorem
1024 2083 1142 2164 Kesra,
1163 2104 1249 2166 quae

93 2241 96 2246 “
179 2233 231 2292 est
249 2226 458 2313 homogenca
475 2229 595 2296 literae
615 2265 650 2328 5
670 2236 766 2296 ortae
784 2250 870 2337 cx),
890 2251 921 2294 v.
941 2251 973 2311 g.
998 2249 1038 2292 ex
1059 2197 1189 2351 6Ϊῲ
1174 2220 1248 2292 fit

178 2331 284 2494 {⁰7⁰
264 2357 463 2458 rejectue;

125 2539 160 2622 γ)
181 2557 210 2600 sr
201 2532 365 2599 Fatha
357 2556 391 2598 m
410 2555 490 2600 voce
509 2541 560 2617 eet
583 2536 788 2620 prolongata
805 2556 865 2620 per
883 2533 962 2615 Elii,
982 2555 1125 2620 sequens
1144 2534 1186 2598 lit
1172 2538 1246 2598 tera

179 2651 314 2718 infirma
332 2653 467 2736 (sive,
429 2699 467 2761 2,
486 2655 554 2720 sive
574 2657 624 2752 5)
643 2654 822 2721 mutatur
813 2675 848 2720 m
867 2654 995 2720 Hamea
1011 2660 1046 2720 et
1062 2654 1244 2720 secundum

177 2797 312 2886 regulas
341 2796 487 2863 Hamzae
518 2805 570 2865 est
596 2801 787 2882 tractanda,
811 2821 841 2866 v.
862 2821 894 2882 g.
919 2819 959 2864 ex
989 2754 1076 2905 ψ’
1094 2798 1133 2864 iit
1161 2778 1245 2889 ΜΞ

177 2924 302 2990 dicens.

158 3057 241 3116 Not.
276 3057 493 3135 Nonnunquam
514 3061 570 3120 due
589 3093 607 3154 7
627 3060 843 3131 concurrentia,
865 3076 984 3134 quorum
1004 3058 1086 3133 prins
1112 3058 1245 3134 quiescit,

70 3159 283 3222 convertuntur
301 3159 331 3217 in
348 3181 383 3244 5
400 3160 580 3236 duplicatum
596 3166 736 3223 converet
758 3161 844 3222 simul
866 3163 985 3241 Damme
1007 3159 1035 3220 in
1051 3163 1153 3234 Koara,
1174 3179 1200 3221 v.
1216 3179 1245 3236 g.

69 3321 106 3363 ex
123 3254 206 3399 {fid
222 3304 256 3362 fit
271 3249 346 3402 {dd
364 3303 481 3364 situlae,

117 3539 135 3620 ‚S
158 3541 207 3603 13.
236 3536 273 3603 C.
301 3537 355 3602 De
380 3536 533 3622 regulis
551 3536 806 3622 Abjectienis¹
826 3537 1040 3630 literarum
1060 3572 1095 3636 5
1115 3544 1153 3603 et
1168 3585 1201 3645 ν

155 3713 183 3774 1.
213 3701 377 3791 Regula.
410 3709 527 3773 Litora
543 3706 678 3772 infirma
701 3707 870 3791 abjicitur,
895 3706 1160 3791 quotiescunque
1185 3731 1246 3792 per

71 3825 162 3892 hanc
181 3827 403 3910 abjectionem
422 3827 552 3911 gratior
575 3831 779 3911 procuratur
803 3825 1061 3909 pronunciati03
1085 3826 1163 3892 hinc
1186 3827 1245 3893 ab·

67 3945 238 4028 J'iciuutur
260 3945 379 4012 literae
402 3945 555 4027 infirmae
580 3979 615 4043 5
643 3951 714 4053 et,
741 3918 775 4010 in
798 3945 923 4024 verbis,
956 3944 1137 4028 inquibus
1161 3946 1245 4011 istas

71 4063 193 4130 literas
218 4085 286 4149 qua
303 4066 439 4132 tertiam
458 4064 642 4132 radicalem
660 4064 815 4148 sequitur
833 4063 902 4128 alia
920 4063 1022 4128 litera
1038 4062 1173 4129 infirma
1192 4061 1245 4130 vel

74 4217 111 4280 5
131 4183 214 4294 vel,
236 4183 422 4268 quiescens.
1212 4190 1216 4196 '

152 4301 191 4366 Iu
214 4301 314 4387 hujus
336 4303 475 4388 regulae
499 4302 726 4388 applicatione
750 4300 872 4386 respici
899 4301 999 4366 debet
1014 4299 1151 4382 vocalis,
1175 4323 1243 4386 qna

74 4427 169 4486 mota
187 4426 240 4488 est
262 4423 409 4488 secunda
425 4421 599 4503 radicalis;
623 4421 652 4486 si
671 4421 753 4488 hacc
770 4421 933 4503 insignita
951 4426 1003 4485 est
1025 4442 1099 4487 cum
1119 4423 1240 4514 Fatlpa,
