2872 5028
260 339 276 409 ξ
296 341 335 396 16.
356 341 379 394 1.
397 337 437 394 De
454 337 580 395 Pronum.
603 338 637 397 Δ.
651 336 802 408 Superatis,
819 337 852 392 Β.
869 337 990 396 Sufflxie.
1160 341 1197 364 ...

238 465 382 574 'engen
874 497 987 562 Plurel.

39 722 56 781 2
217 617 620 746 suessionum.
760 615 765 628 '
897 642 968 727 ,o
1062 643 1092 700 o

60 735 169 799 ‚pers
378 762 413 816 ὦ
492 761 526 812 ,s
671 760 678 777 .
771 763 778 778 .
988 767 1007 799 e

218 808 294 880 iem.
336 805 534 917 »951ψῦ
654 825 660 837 ·

218 1039 319 1085 mese.
334 998 384 1130 ,ἒ
401 1019 431 1083 is

40 1079 170 1158 3.pers.

218 1164 295 1230 iem.
316 1153 375 1276 ᾧ.»
393 1183 434 1229 eu

575 1367 661 1429 Duel.

137 1508 170 1568 2.
191 1523 280 1589 pers.
300 1520 384 1570 eom.
408 1457 569 1580 [meinos
592 1500 659 1566 duo
684 1502 800 1587 (duee)
913 1549 917 1558 .

139 1655 173 1714 3.
192 1671 226 1734 p.
247 1666 330 1714 oom.
351 1626 412 1727 Usi
429 1645 454 1712 ii
473 1646 540 1712 duo
560 1646 634 1730 (e’ue
652 1645 765 1733 duee).
870 1689 874 1702 .

120 1816 149 1875 N
160 1819 209 1875 ot.
252 1813 322 1888 Ipse
346 1811 546 1888 pronominum
571 1812 666 1886 etymo
692 1829 726 1873 er
755 1813 958 1890 antiquissime
992 1819 1060 1877 sunt
1095 1816 1205 1892 lingue.

40 1917 166 1993 Antiqua
185 1916 244 1992 jem
264 1914 394 1976 semitiou
408 1914 511 1990 lingue
533 1914 562 1974 in
578 1929 685 1990 genere
708 1916 853 1976 seouudee
867 1933 1008 1992 personne
1023 1916 1204 1994 distinguen-

40 2023 91 2080 dee
107 2006 238 2094 diligens
253 2020 315 2095 est3
330 2017 359 2078 in
373 2017 465 2092 primo
482 2020 577 2078 entem
594 2033 740 2092 nunquam
755 2016 896 2092 ejusmodi
911 2019 1059 2081 distinotio
1074 2018 1205 2096 inreluit,
1300 2075 1302 2080 .

40 2123 114 2182 haud
129 2119 228 2196 dutrie,
244 2120 313 2196 quie
326 2107 419 2196 prime
431 2133 557 2194 persone
572 2135 629 2194 que
641 2117 765 2193 loquens
785 2118 931 2194 uogitetur
944 2137 1093 2198 praesens.
1130 2123 1204 2183 Ara·

40 2225 123 2284 bibus
137 2221 244 2282 Duolis
263 2238 387 2298 quoque,
410 2220 511 2296 quiin
534 2219 655 2296 entique
678 2219 780 2297 lingue
802 2226 920 2297 persius
942 2223 1118 2298 usitebetur,
1146 2225 1205 2286 ire·

41 2340 128 2400 quens
144 2322 245 2383 iaetus
259 2325 289 2383 ot
304 2323 341 2383 eu
355 2321 474 2382 uerbum
489 2337 524 2386 eo
537 2336 694 2402 pronomen
707 2303 875 2384 trunsletus¹
886 2326 940 2400 ost,
961 2340 1015 2384 neo
1030 2327 1126 2386 tomen
1147 2325 1205 2386 nisi

41 2425 66 2486 in
81 2424 217 2486 seeundo
232 2423 364 2486 ettertie
377 2439 511 2500 persono.

411 2665 449 2731 B.
475 2663 679 2732 Pronomine.
696 2663 830 2732 suffixo.

114 2835 322 2902 Pronomine
345 2833 537 2919 personalis.
566 2833 854 2901 substantivorum
882 2811 981 2903 modo
1011 2841 1046 2902 et
1074 2837 1204 2905 retione
1294 2888 1298 2898 .

42 2976 112 3020 oum
150 2955 269 3021 formis
304 2954 461 3039 conjungi
492 2957 650 3037 possunt,
699 2953 793 3038 eujus
824 2953 1003 3038 juncturae
1040 2955 1204 3022 ineundae

43 3095 143 3140 oense
175 3074 313 3139 voculae
341 3072 404 3137 hae
440 3072 482 3136 eo
510 3070 689 3150 vocabule,
724 3070 846 3154 quibus
875 3070 1061 3156 affigendus
1097 3081 1203 3156 erent,

44 3195 124 3259 odeo
144 3215 182 3258 se
201 3191 451 3277 applicuerunt,
473 3193 511 3255 nt
529 3209 603 3253 curn
626 3188 679 3252 his
699 3193 848 3268 accentu,
867 3193 1147 3273 pronunciatione
1172 3199 1207 3259 et

44 3311 229 3394 scriptione
253 3315 415 3394 perpetuo
440 3305 641 3386 coaluerint3
670 3305 748 3372 hino
771 3313 871 3372 enetu
899 3313 978 3374 sunt
1007 3311 1206 3397 pronomine

45 3429 223 3494 decurtate
245 3450 303 3495 seu
327 3428 459 3507 suffixa,
484 3444 569 3508 qnee
593 3445 668 3490 oum
692 3425 884 3493 nominibus
907 3421 1086 3514 conjuncte
1104 3415 1205 3494 Geni·

45 3549 150 3614 tivum
173 3569 233 3614 seu
256 3545 500 3632 possessionem
520 3543 734 3630 (pronomina
757 3546 976 3633 possessiva),
1005 3549 1115 3616 verbis
1146 3568 1206 3613 eu-

46 3673 110 3732 tem
136 3666 330 3751 postposite
356 3662 591 3730 Accusativunu
625 3683 685 3727 neo
718 3683 785 3728 nou
812 3662 971 3732 Dativum
999 3664 1203 3752 significent.

46 3785 130 3850 Sunt
155 3789 268 3850 entem
290 3782 480 3869 sequentia:

395 3948 473 4024 smg.
864 3949 948 4012 nuel.

181 4079 210 4140 1.
230 4093 317 4159 pers.
337 4091 421 4138 eom.
442 4102 477 4196 u}
496 4067 576 4180 (θ’)

127 4361 130 4367 .
182 4318 211 4378 2.
225 4330 312 4398 pers.
357 4247 510 4329 masma,
720 4309 749 4372 2.
769 4325 857 4393 pers.
881 4327 964 4376 eom.
994 4273 1060 4389 CJ‘

357 4391 603 4510 oswi

99 4553 392 4611 zrohokke,1uutitut.
405 4553 466 4606 ling.
479 4552 542 4596 urob.
985 4559 1002 4617 3
