2872 5028
197 307 217 366 8
326 311 350 367 Ι.
361 310 438 366 Pars.
452 311 492 364 Dc
505 307 666 366 Elementis.
682 308 703 362 Ι.
716 306 783 377 cap.
803 307 843 362 De
854 305 974 379 lectione
987 309 1017 361 st
1029 306 1233 377 orthographia.
1249 353 1252 357 .

199 474 365 541 invitante
392 469 683 559 pronunciationis
710 469 876 538 facilitate
901 468 1184 536 inconsonantes
1208 517 1245 578 >⁹
1279 483 1334 571 3,
1370 476 1380 544 t

199 593 331 680 possint
349 591 499 658 dissolvi.

188 739 191 746 ·
256 717 285 777 2.
306 710 483 779 Vocalium
496 709 601 776 trium
618 708 719 774 idest
737 708 976 788 discrimen,
997 711 1036 772 ut
1050 707 1176 774 vocalis
1195 728 1216 774 a
1234 709 1279 777 sit
1298 732 1377 777 om·
1432 715 1433 720 ’

171 831 293 916 ‚nium
317 829 472 914 proxima
495 834 530 894 et
554 827 748 913 fortissima,
774 821 868 914 cujus
892 847 994 892 sonus
1018 826 1153 894 omnino
1178 833 1379 913 pertatem

199 949 351 1033 linguam
375 946 560 1032 praevalet.
597 946 668 1029 Ipsi
692 951 911 1031 opponuntur
934 944 1066 1010 vocales
1091 945 1103 1010 i
1126 952 1160 1012 et
1182 969 1204 1014 u
1229 947 1298 1013 sibi·
1320 949 1380 1014 in·

109 1145 115 1156 .
201 1067 307 1132 vicem
331 1065 519 1147 viciniores,
546 1050 690 1152 quarum
712 1065 724 1128 i
747 1065 870 1130 iterum
892 1069 944 1130 est
964 1061 1128 1131 subtilior
1154 1071 1187 1130 et
1211 1067 1377 1151 pressior,

201 1209 223 1251 u
242 1191 355 1251 autem
373 1183 549 1251 obscurior
566 1182 776 1267 pleniorque.
821 1182 901 1248 Tres
924 1182 1004 1247 illae
1021 1181 1153 1248 vocales
1173 1185 1259 1252 mira
1276 1207 1377 1253 man-

148 1331 151 1338 ·
202 1309 319 1370 serunt
335 1303 531 1387 integritate
550 1309 584 1368 et
598 1303 750 1386 puritate
763 1300 918 1384 longiore
937 1306 1090 1385 tempere
1108 1301 1143 1366 in
1161 1301 1279 1390 lingua
1296 1322 1377 1372 ara'-

201 1421 288 1501 bica,
308 1443 409 1506 quam
428 1422 463 1487 in
481 1395 623 1508 reliquis
636 1421 762 1505 linguis
781 1419 957 1502 semiticis;
977 1419 1113 1486 labente
1127 1425 1240 1486 autem
1254 1421 1379 1510 lingua

202 1540 334 1609 vocales
358 1540 550 1624 primitivae
573 1539 799 1622 fortioresque
822 1539 857 1602 in
880 1538 1052 1606 molliores
1075 1539 1288 1628 lenioresquc
1315 1544 1376 1609 de-

203 1661 305 1726 tritae
319 1659 485 1740 abierunt,
505 1659 556 1724 ita
573 1665 612 1725 ut
631 1680 651 1724 a
669 1659 703 1726 in
718 1679 745 1738 e,
764 1659 776 1722 i
795 1664 829 1724 et
847 1683 869 1724 u
887 1659 953 1724 ine
972 1664 1039 1724 eto
1059 1661 1255 1742 transirent,
1276 1661 1378 1747 diph·
1432 1659 1433 1664 ’

203 1777 322 1863 thongi
335 1799 413 1844 vero
428 1779 577 1846 insenos
592 1778 713 1862 longos
727 1776 1016 1872 simplicioresque
1031 1779 1063 1843 ai
1082 1777 1149 1844 eto
1169 1777 1377 1846 diffluerent.

259 1921 289 1980 3.
310 1915 488 1981 Vocatium
507 1913 775 1980 denotandarum
792 1913 1027 2003 necessitatem
1045 1915 1213 1999 primitus,
1238 1917 1377 2001 quando

203 2034 322 2119 lingua
342 2037 416 2098 erat
434 2033 510 2098 viva
528 2037 562 2099 et
575 2030 765 2112 vernacula,
786 2031 896 2096 minus
911 2052 982 2096 esse
1001 2053 1142 2114 sensam,
1162 2037 1379 2119 exsuperius

186 2153 305 2219 dictis
324 2155 481 2235 apparet3
501 2173 575 2217 cum
595 2157 707 2216 autem
726 2151 845 2216 literae
860 2148 1012 2215 infirmae
1031 2151 1155 2216 natura
1167 2155 1232 2218 ¹sua
1245 2153 1312 2217 iam
1332 2155 1378 2219 ad

204 2269 369 2339 vocalium
394 2291 494 2336 sonos
519 2269 737 2350 inclinarent,
766 2269 846 2333 illae
871 2267 1044 2356 vocalibus
1070 2271 1242 2354 signandis
1266 2271 1377 2338 inser·

204 2389 351 2483 viebant.
379 2389 505 2455 Verum
524 2393 584 2469 est,
604 2387 753 2452 vocalem
773 2407 792 2452 a
811 2387 852 2452 ab
868 2387 966 2453 initio
981 2389 1177 2470 parcissime
1196 2391 1300 2457 fuisse
1320 2413 1378 2457 ex-

205 2529 355 2594 pressam
379 2508 480 2572 litera
499 2509 518 2588 t,
548 2508 639 2592 quod
667 2529 708 2573 ex
729 2507 953 2572 monumentis
979 2507 1195 2591 antiquitatis
1218 2510 1376 2594 plurimis

204 2633 310 2714 patet,
337 2647 398 2692 nec
416 2625 547 2692 vocales
565 2628 682 2693 breves
707 2627 741 2691 in
760 2627 931 2710 scriptura
948 2624 1058 2690 literis
1084 2626 1264 2694 denotatae
1283 2635 1375 2711 sunt,

205 2747 330 2831 quippe
354 2767 440 2830 quae
461 2747 631 2812 tenuiores
656 2749 691 2811 et
714 2744 909 2810 adsensum
933 2743 1044 2810 minus
1062 2767 1182 2830 graves
1200 2749 1374 2829 videntur;

204 2885 279 2930 oum
298 2869 411 2930 autem
424 2864 556 2931 vocales
575 2864 766 2930 accuratius
785 2863 912 2947 scripto
931 2868 1050 2928 notare
1068 2863 1229 2950 placeret,
1248 2874 1288 2934 ut
1301 2874 1375 2935 turn

203 2982 322 3050 breves
336 2984 522 3069 perspicue,
541 2988 615 3050 tum
628 2957 749 3065 longae
764 2981 959 3048 distinctius
978 2985 1260 3070 constantiusque
1274 2993 1373 3053 nota·

204 3108 260 3168 tae
279 3107 495 3188 apparerent,
524 3101 633 3168 literis
652 3100 820 3168 vocalium
838 3099 913 3169 loco
934 3107 1062 3186 puncta
1080 3103 1373 3173 adscribebantur.

205 3221 260 3294 Sic
278 3222 314 3288 in
332 3221 578 3307 antiquissimis
596 3222 698 3306 hujus
716 3219 905 3305 scripturae
923 3222 1087 3306 vestigiis,
1115 3222 1266 3293 Coranos
1290 3232 1374 3312 puta
1432 3287 1433 3290 ,

205 3341 339 3424 cuficos,
359 3363 463 3407 unum
478 3345 641 3426 punctum
655 3338 795 3406 rubrum
809 3340 1008 3426 plerumque
1026 3341 1078 3407 vel
1096 3336 1220 3410 flavum
1239 3344 1369 3414 diverso

203 3460 278 3528 loco
297 3460 480 3528 secundum
498 3459 668 3526 diversum
686 3481 804 3526 sonum
823 3461 973 3544 positum
992 3466 1146 3545 apparet,
1175 3483 1279 3548 supra
1296 3463 1371 3529 lite·

203 3601 276 3645 ram
299 3582 513 3660 adauctam,
537 3579 627 3645 inira
644 3599 717 3645 eam
734 3578 757 3659 i,
781 3584 860 3663 post
879 3599 952 3646 eam
969 3579 1022 3645 vel
1045 3580 1080 3644 in
1102 3580 1214 3647 media
1237 3581 1325 3648 linea
1349 3606 1370 3648 u

204 3698 417 3784 significans,
444 3699 536 3783 quod
558 3699 700 3784 signum,
728 3703 953 3783 cumpuncta
979 3699 1087 3768 serius
1116 3703 1371 3768 consonantium

202 3816 479 3902 pronunciationi
498 3818 688 3884 accuratius
713 3817 971 3902 distinguendae
989 3817 1151 3888 inservire
1173 3827 1367 3906 coeperunt,

203 3933 371 4021 paulatim
385 3937 487 4003 cessit
505 3935 581 4002 aliis
596 3937 701 4021 siguis
720 3957 809 4008 nunc
825 3934 974 4016 usitatis,
994 3937 1103 4003 lineae
1121 3938 1251 4004 scilicet
1269 3961 1369 4026 supra

202 4055 338 4122 literam
361 4057 504 4141 positae,
527 4061 614 4137 uta,
637 4055 726 4122 inira
748 4075 831 4136 eam,
858 4061 898 4120 ut
920 4055 932 4118 i
955 4055 1122 4142 signaret,
1147 4079 1170 4122 u
1192 4079 1271 4128 vcro
1295 4060 1367 4146 ipso
1432 4115 1433 4120 ,

203 4193 308 4260 parvo
326 4222 343 4282 7
364 4175 462 4260 signo
479 4175 708 4261 superscripto
724 4174 935 4257 denotatum3
955 4176 1078 4262 quibus
1094 4176 1198 4260 signis
1214 4178 1367 4264 deinceps

203 4291 423 4360 Grammatici
445 4297 581 4366 uomina
603 4295 837 4382 imposuerunt
859 4316 877 4361 e
900 4297 974 4368 soni
1001 4287 1042 4363 iis
1071 4298 1220 4382 expressi
1246 4299 1368 4364 natura

203 4413 376 4501 derivata;
485 4413 488 4420 '
