2872 5028
517 1568 742 1663 INDEX.

453 1793 801 1860 Pnounconaul.
1162 1867 1213 1909 W&

40 1940 63 1990 1.
87 1939 125 1990 De
143 1939 252 2004 linguae
271 1938 391 1990 arabicae
410 1937 520 1989 historia
1047 1986 1053 1992 .
1098 1979 1104 1993 .
1167 1941 1215 1991 XV

38 2043 64 2092 2.
89 2042 127 2092 De
146 2043 289 2106 scripturae
307 2039 427 2091 arabicae
445 2041 503 2091 tatis
533 2081 538 2092 .
581 2032 589 2091 ’.
635 2080 1102 2094 ..........
1169 2043 1214 2092 ΧΧ

38 2144 64 2194 3.
88 2143 126 2194 De
144 2143 231 2194 studio
250 2144 358 2208 linguae
377 2142 498 2194 arabicae
517 2145 687 2208 grammatico
738 2183 1099 2197 ........
1148 2143 1214 2194 XXll

38 2248 66 2296 4.
89 2245 125 2296 De
143 2245 275 2296 divisione
294 2245 482 2298 Grammatioae
533 2284 539 2296 .
584 2284 590 2296 .
635 2285 641 2297 .
686 2283 699 2320 ⁹.
737 2285 1098 2299 ........
1137 2246 1215 2296 XXlll

332 2451 337 2454 ’
378 2524 379 2527 ,
480 2455 591 2520 PARS
619 2456 772 2533 PRIMA.

232 2607 409 2673 Elementa
427 2605 564 2692 linguae
583 2617 617 2674 et
634 2612 827 2694 scripturae
848 2611 1016 2676 arabicae.

307 2775 330 2830 I.
348 2775 456 2848 Caput:
478 2775 521 2832 De
537 2775 663 2836 lectione
680 2780 709 2836 et
726 2777 944 2852 orthographia.

73 2925 94 2973 1.
124 2923 161 2974 De
175 2915 394 2974 'consonantibus
412 2938 555 2989 earumque
573 2925 672 2990 figuris.
683 2930 708 2976 et
726 2925 878 2977 nominibus
912 2964 1123 2976 .....

72 3024 95 3077 2,
124 3026 162 3078 De
181 3024 373 3077 Consonatium
390 3030 517 3091 potestate
535 3031 560 3076 et
578 3027 711 3077 divisione
759 3063 1124 3080 ........

73 3125 97 3178 3.
125 3126 162 3176 De
181 3125 360 3179 Vooalibus.
405 3167 411 3180 .
456 3167 462 3178 .
507 3166 513 3179 .
548 3149 550 3154 ·
558 3165 1123 3180 ............
1197 3131 1211 3179 t

90 3331 161 3382 ‚De
179 3330 355 3382 distinctionis
373 3333 456 3396 signis
476 3348 523 3384 seu
541 3332 798 3396 interpunctionibus
861 3371 866 3384 .
911 3317 928 3383 .’
963 3371 969 3384 .
1014 3372 1020 3383 .
1065 3369 1070 3381 .
1116 3370 1121 3381 .
1182 3333 1212 3382 18

39 2921 53 2988 ἓ

39 3025 54 3090 i

41 3126 55 3192 i

40 3227 55 3294 ξ
72 3231 96 3280 t.
124 3229 162 3281 De
180 3231 265 3294 signis
284 3229 492 3296 orthographicis
554 3267 1123 3283 ............
1182 3231 1213 3280 10

42 3330 56 3396 i

43 3431 56 3498 i

42 3532 55 3600 t

74 3537 96 3587 t.
125 3535 161 3586 De
179 3550 348 3586 numerorum
367 3537 450 3600 signis
503 3573 1120 3588 .............
1179 3536 1211 3585 19

141 3707 178 3767 Il.
195 3708 304 3781 Caput:
327 3709 371 3766 De
389 3708 614 3768 Consonantium
630 3710 659 3766 ot
675 3708 826 3767 Vocatium
841 3707 1113 3783 permutationibus

1177 3798 1188 3826 a
1207 3816 1211 3826 .

75 3856 98 3910 8.
127 3855 166 3908 De
184 3854 393 3908 Consonantium
410 3857 602 3921 permutatione
620 3862 645 3907 et
662 3858 865 3922 transpositione
913 3894 1123 3908 .....
1161 3797 1213 3905 p280

75 3958 98 4009 9.
128 3957 166 4008 De
185 3957 394 4009 Consonantium
413 3959 625 4009 concontratione
659 3996 1124 4011 ..........
1180 3960 1209 4008 21

77 4061 114 4113 10.
127 4060 165 4110 De
183 4059 324 4111 Vocatium
342 4076 389 4110 seu
408 4059 541 4112 literarum
560 4059 720 4111 infirmatum
738 4059 927 4112 mutationibus
964 4099 970 4111 .
1014 4097 1022 4113 .
1067 4100 1071 4111 .
1118 4099 1123 4111 .
1181 4063 1251 4112 22.

78 4260 115 4316 12.
128 4262 165 4313 De
183 4264 283 4328 regulis
302 4263 490 4316 conversionis
509 4264 641 4316 literarum
678 4273 713 4334 25
732 4270 756 4314 et
770 4286 789 4344 7
811 4304 1122 4317 .......
1179 4268 1211 4317 25

45 3955 58 4022 i

45 4058 58 4124 i

46 4159 163 4225 §iiDe
183 4162 283 4226 regulis
301 4161 400 4224 Quietis
418 4162 549 4213 literarum
589 4172 623 4232 6
644 4168 668 4215 et
681 4185 700 4243 7
761 4201 767 4214 .
802 4185 805 4192 ι
812 4201 1123 4216 .......
1179 4164 1211 4214 23

47 4259 60 4326 i

47 4360 116 4428 §lb
129 4365 165 4416 De
182 4365 282 4431 regulis
301 4365 464 4430 Abjeotionis
482 4367 614 4418 literarum
652 4375 687 4436 5
707 4372 731 4418 et
745 4387 763 4446 7
813 4407 818 4418 .
863 4405 869 4417 .
913 4361 923 4418 .’
965 4407 970 4418 .
1016 4406 1022 4418 .
1066 4407 1072 4419 .
1118 4406 1123 4417 .
1179 4369 1211 4418 27

49 4463 62 4530 t

79 4466 115 4516 14.
128 4467 164 4518 lle
182 4467 281 4533 regulis
299 4467 414 4520 Hamzae
456 4505 1123 4520 ..............
1179 4455 1225 4520 28'
