<?xml version="1.0" encoding="UTF-8"?>
<!DOCTYPE html PUBLIC "-//W3C//DTD XHTML 1.0 Transitional//EN"
    "http://www.w3.org/TR/xhtml1/DTD/xhtml1-transitional.dtd">
<html xmlns="http://www.w3.org/1999/xhtml" xml:lang="en" lang="en">
 <head>
  <title>
</title>
<meta http-equiv="Content-Type" content="text/html;charset=utf-8" />
  <meta name='ocr-system' content='tesseract 3.04.00' />
  <meta name='ocr-capabilities' content='ocr_page ocr_carea ocr_par ocr_line ocrx_word'/>
</head>
<body>
  <div class='ocr_page' id='page_1' title='image "./institutionesfu01zschgoog_0189.png"; bbox 0 0 2856 5044; ppageno 0'>
   <div class='ocr_carea' id='block_1_1' title="bbox 656 1659 1006 1776">
    <p class='ocr_par' dir='ltr' id='par_1_1' title="bbox 656 1659 1006 1776">
     <span class='ocr_line' id='line_1_1' title="bbox 656 1659 1006 1776; baseline -0.006 -2"><span class='ocrx_word' id='word_1_1' title='bbox 656 1659 1006 1776; x_wconf 83' lang='lat' dir='ltr'>lPPllNlllll.</span> 
     </span>
    </p>
   </div>
   <div class='ocr_carea' id='block_1_2' title="bbox 527 1965 1129 2064">
    <p class='ocr_par' dir='ltr' id='par_1_2' title="bbox 527 1965 1129 2064">
     <span class='ocr_line' id='line_1_2' title="bbox 527 1965 1129 2064; baseline 0 -20"><span class='ocrx_word' id='word_1_2' title='bbox 527 1967 586 2044; x_wconf 80' lang='lat' dir='ltr'>lle</span> <span class='ocrx_word' id='word_1_3' title='bbox 613 1966 746 2064; x_wconf 84' lang='lat' dir='ltr'>lingua</span> <span class='ocrx_word' id='word_1_4' title='bbox 772 1967 935 2046; x_wconf 87' lang='lat' dir='ltr'>arabica</span> <span class='ocrx_word' id='word_1_5' title='bbox 962 1965 1129 2064; x_wconf 84' lang='lat' dir='ltr'>vulgari.</span> 
     </span>
    </p>
   </div>
   <div class='ocr_carea' id='block_1_3' title="bbox 608 2176 1039 2263">
    <p class='ocr_par' dir='ltr' id='par_1_3' title="bbox 608 2176 1039 2263">
     <span class='ocr_line' id='line_1_3' title="bbox 608 2176 1039 2263; baseline -0.005 -20"><span class='ocrx_word' id='word_1_6' title='bbox 608 2179 625 2263; x_wconf 66' lang='grc' dir='ltr'>ξ</span> <span class='ocrx_word' id='word_1_7' title='bbox 645 2181 697 2243; x_wconf 88' lang='grc'>83.</span> <span class='ocrx_word' id='word_1_8' title='bbox 725 2176 1039 2242; x_wconf 83' lang='lat' dir='ltr'>Prasmoncnda.</span> 
     </span>
    </p>
   </div>
   <div class='ocr_carea' id='block_1_4' title="bbox 235 2343 1417 3855">
    <p class='ocr_par' dir='ltr' id='par_1_4' title="bbox 235 2343 1417 3855">
     <span class='ocr_line' id='line_1_4' title="bbox 316 2343 1417 2440; baseline 0.003 -32"><span class='ocrx_word' id='word_1_9' title='bbox 316 2343 448 2428; x_wconf 81' lang='lat' dir='ltr'>Lingua</span> <span class='ocrx_word' id='word_1_10' title='bbox 468 2347 606 2412; x_wconf 89' lang='lat' dir='ltr'>arabica</span> <span class='ocrx_word' id='word_1_11' title='bbox 625 2348 658 2410; x_wconf 95' lang='lat' dir='ltr'>in</span> <span class='ocrx_word' id='word_1_12' title='bbox 685 2346 967 2431; x_wconf 75' lang='lat' dir='ltr'>praecedentibus</span> <span class='ocrx_word' id='word_1_13' title='bbox 991 2345 1083 2411; x_wconf 86' lang='lat' dir='ltr'>foliis</span> <span class='ocrx_word' id='word_1_14' title='bbox 1107 2344 1247 2409; x_wconf 87' lang='lat' dir='ltr'>evoluta</span> <span class='ocrx_word' id='word_1_15' title='bbox 1280 2345 1417 2440; x_wconf 66' lang='lat' dir='ltr'>Corano,</span> 
     </span>
     <span class='ocr_line' id='line_1_5' title="bbox 243 2463 1417 2548; baseline 0.003 -23"><span class='ocrx_word' id='word_1_16' title='bbox 243 2467 295 2526; x_wconf 87' lang='lat' dir='ltr'>est</span> <span class='ocrx_word' id='word_1_17' title='bbox 311 2465 452 2548; x_wconf 90' lang='lat' dir='ltr'>propria</span> <span class='ocrx_word' id='word_1_18' title='bbox 466 2469 500 2529; x_wconf 90' lang='lat' dir='ltr'>et</span> <span class='ocrx_word' id='word_1_19' title='bbox 514 2464 779 2548; x_wconf 84' lang='lat' dir='ltr'>grammaticalis</span> <span class='ocrx_word' id='word_1_20' title='bbox 793 2486 853 2529; x_wconf 91' lang='lat' dir='ltr'>seu</span> <span class='ocrx_word' id='word_1_21' title='bbox 872 2463 1056 2529; x_wconf 87' lang='lat' dir='ltr'>literalis</span> <span class='ocrx_word' id='word_1_22' title='bbox 1071 2468 1212 2530; x_wconf 88' lang='lat' dir='ltr'>vocatur</span> <span class='ocrx_word' id='word_1_23' title='bbox 1223 2465 1257 2528; x_wconf 91' lang='lat' dir='ltr'>in</span> <span class='ocrx_word' id='word_1_24' title='bbox 1274 2465 1398 2528; x_wconf 88' lang='lat' dir='ltr'>distinc-</span> <span class='ocrx_word' id='word_1_25' title='bbox 1416 2467 1417 2470; x_wconf 72' lang='grc'>’</span> 
     </span>
     <span class='ocr_line' id='line_1_6' title="bbox 241 2581 1398 2668; baseline 0.005 -24"><span class='ocrx_word' id='word_1_26' title='bbox 241 2583 370 2646; x_wconf 87' lang='lat' dir='ltr'>tionem</span> <span class='ocrx_word' id='word_1_27' title='bbox 383 2581 521 2663; x_wconf 82' lang='lat' dir='ltr'>linguae</span> <span class='ocrx_word' id='word_1_28' title='bbox 537 2585 695 2649; x_wconf 83' lang='lat' dir='ltr'>arabicae</span> <span class='ocrx_word' id='word_1_29' title='bbox 709 2582 775 2650; x_wconf 88' lang='lat' dir='ltr'>vul</span> <span class='ocrx_word' id='word_1_30' title='bbox 784 2585 905 2666; x_wconf 84' lang='lat' dir='ltr'>garis,</span> <span class='ocrx_word' id='word_1_31' title='bbox 925 2603 1012 2667; x_wconf 90' lang='lat' dir='ltr'>quae</span> <span class='ocrx_word' id='word_1_32' title='bbox 1027 2604 1116 2648; x_wconf 91' lang='lat' dir='ltr'>nunc</span> <span class='ocrx_word' id='word_1_33' title='bbox 1128 2585 1292 2668; x_wconf 84' lang='lat' dir='ltr'>temporis</span> <span class='ocrx_word' id='word_1_34' title='bbox 1304 2585 1398 2650; x_wconf 88' lang='lat' dir='ltr'>adhue</span> 
     </span>
     <span class='ocr_line' id='line_1_7' title="bbox 240 2687 1398 2786; baseline 0.004 -24"><span class='ocrx_word' id='word_1_35' title='bbox 240 2704 291 2763; x_wconf 88' lang='lat' dir='ltr'>est</span> <span class='ocrx_word' id='word_1_36' title='bbox 311 2699 442 2764; x_wconf 84' lang='lat' dir='ltr'>usitata</span> <span class='ocrx_word' id='word_1_37' title='bbox 461 2705 496 2764; x_wconf 87' lang='lat' dir='ltr'>ct</span> <span class='ocrx_word' id='word_1_38' title='bbox 512 2701 690 2786; x_wconf 84' lang='lat' dir='ltr'>indigenis</span> <span class='ocrx_word' id='word_1_39' title='bbox 701 2687 859 2782; x_wconf 74' lang='lat' dir='ltr'>Arabiae,</span> <span class='ocrx_word' id='word_1_40' title='bbox 879 2700 1110 2782; x_wconf 81' lang='lat' dir='ltr'>Palaestinae,</span> <span class='ocrx_word' id='word_1_41' title='bbox 1131 2701 1249 2786; x_wconf 88' lang='lat' dir='ltr'>Syriae</span> <span class='ocrx_word' id='word_1_42' title='bbox 1267 2724 1398 2768; x_wconf 89' lang='lat' dir='ltr'>necnon</span> 
     </span>
     <span class='ocr_line' id='line_1_8' title="bbox 239 2818 1398 2906; baseline 0.004 -25"><span class='ocrx_word' id='word_1_43' title='bbox 239 2818 387 2902; x_wconf 84' lang='lat' dir='ltr'>Aegypti</span> <span class='ocrx_word' id='word_1_44' title='bbox 396 2818 599 2904; x_wconf 82' lang='lat' dir='ltr'>Africaeque</span> <span class='ocrx_word' id='word_1_45' title='bbox 612 2819 890 2906; x_wconf 89' lang='lat' dir='ltr'>septentrionalis</span> <span class='ocrx_word' id='word_1_46' title='bbox 907 2827 959 2884; x_wconf 91' lang='lat' dir='ltr'>est</span> <span class='ocrx_word' id='word_1_47' title='bbox 969 2820 1161 2886; x_wconf 89' lang='lat' dir='ltr'>vernacula.</span> <span class='ocrx_word' id='word_1_48' title='bbox 1191 2821 1283 2886; x_wconf 89' lang='lat' dir='ltr'>Haec</span> <span class='ocrx_word' id='word_1_49' title='bbox 1296 2822 1398 2905; x_wconf 85' lang='lat' dir='ltr'>lingua</span> 
     </span>
     <span class='ocr_line' id='line_1_9' title="bbox 238 2937 1397 3006; baseline 0.003 -5"><span class='ocrx_word' id='word_1_50' title='bbox 238 2937 420 3002; x_wconf 85' lang='lat' dir='ltr'>vernacula</span> <span class='ocrx_word' id='word_1_51' title='bbox 443 2940 478 3004; x_wconf 91' lang='lat' dir='ltr'>iu</span> <span class='ocrx_word' id='word_1_52' title='bbox 503 2941 650 3006; x_wconf 79' lang='lat' dir='ltr'>essentia</span> <span class='ocrx_word' id='word_1_53' title='bbox 675 2962 737 3004; x_wconf 88' lang='lat' dir='ltr'>sua</span> <span class='ocrx_word' id='word_1_54' title='bbox 768 2960 828 3006; x_wconf 90' lang='lat' dir='ltr'>seu</span> <span class='ocrx_word' id='word_1_55' title='bbox 852 2941 887 3004; x_wconf 90' lang='lat' dir='ltr'>in</span> <span class='ocrx_word' id='word_1_56' title='bbox 917 2940 1147 3006; x_wconf 78' lang='lat' dir='ltr'>fundamentis</span> <span class='ocrx_word' id='word_1_57' title='bbox 1171 2941 1240 3004; x_wconf 89' lang='lat' dir='ltr'>suis</span> <span class='ocrx_word' id='word_1_58' title='bbox 1270 2941 1397 3005; x_wconf 88' lang='lat' dir='ltr'>eunden</span> 
     </span>
     <span class='ocr_line' id='line_1_10' title="bbox 238 3057 1398 3143; baseline 0.003 -23"><span class='ocrx_word' id='word_1_59' title='bbox 238 3057 469 3122; x_wconf 76' lang='lat' dir='ltr'>characterem</span> <span class='ocrx_word' id='word_1_60' title='bbox 487 3061 634 3125; x_wconf 87' lang='lat' dir='ltr'>servavit</span> <span class='ocrx_word' id='word_1_61' title='bbox 653 3059 763 3124; x_wconf 89' lang='lat' dir='ltr'>forma</span> <span class='ocrx_word' id='word_1_62' title='bbox 786 3066 927 3124; x_wconf 83' lang='lat' dir='ltr'>externa</span> <span class='ocrx_word' id='word_1_63' title='bbox 946 3065 1059 3124; x_wconf 84' lang='lat' dir='ltr'>tamen</span> <span class='ocrx_word' id='word_1_64' title='bbox 1083 3058 1261 3143; x_wconf 87' lang='lat' dir='ltr'>paululum</span> <span class='ocrx_word' id='word_1_65' title='bbox 1281 3066 1398 3124; x_wconf 84' lang='lat' dir='ltr'>mutata</span> 
     </span>
     <span class='ocr_line' id='line_1_11' title="bbox 240 3157 1395 3262; baseline 0.003 -24"><span class='ocrx_word' id='word_1_66' title='bbox 240 3180 274 3238; x_wconf 91' lang='lat' dir='ltr'>et</span> <span class='ocrx_word' id='word_1_67' title='bbox 297 3176 508 3260; x_wconf 89' lang='lat' dir='ltr'>reliquarum</span> <span class='ocrx_word' id='word_1_68' title='bbox 526 3178 719 3262; x_wconf 85' lang='lat' dir='ltr'>linguarum</span> <span class='ocrx_word' id='word_1_69' title='bbox 743 3179 894 3244; x_wconf 84' lang='lat' dir='ltr'>vivarum</span> <span class='ocrx_word' id='word_1_70' title='bbox 917 3157 1027 3258; x_wconf 69' lang='lat' dir='ltr'>instar</span> <span class='ocrx_word' id='word_1_71' title='bbox 1051 3177 1086 3242; x_wconf 93' lang='lat' dir='ltr'>in</span> <span class='ocrx_word' id='word_1_72' title='bbox 1106 3177 1222 3261; x_wconf 89' lang='lat' dir='ltr'>plures</span> <span class='ocrx_word' id='word_1_73' title='bbox 1247 3175 1395 3242; x_wconf 85' lang='lat' dir='ltr'>dialectos</span> 
     </span>
     <span class='ocr_line' id='line_1_12' title="bbox 237 3294 1395 3380; baseline 0.003 -23"><span class='ocrx_word' id='word_1_74' title='bbox 237 3294 271 3357; x_wconf 96' lang='lat' dir='ltr'>in</span> <span class='ocrx_word' id='word_1_75' title='bbox 290 3294 434 3377; x_wconf 84' lang='lat' dir='ltr'>singulis</span> <span class='ocrx_word' id='word_1_76' title='bbox 453 3295 648 3378; x_wconf 87' lang='lat' dir='ltr'>regionibus</span> <span class='ocrx_word' id='word_1_77' title='bbox 667 3299 814 3362; x_wconf 88' lang='lat' dir='ltr'>usitatas</span> <span class='ocrx_word' id='word_1_78' title='bbox 834 3295 995 3361; x_wconf 85' lang='lat' dir='ltr'>diffluxit.</span> <span class='ocrx_word' id='word_1_79' title='bbox 1040 3295 1087 3360; x_wconf 90' lang='lat' dir='ltr'>Ut</span> <span class='ocrx_word' id='word_1_80' title='bbox 1106 3296 1298 3377; x_wconf 88' lang='lat' dir='ltr'>discrimen,</span> <span class='ocrx_word' id='word_1_81' title='bbox 1320 3297 1395 3380; x_wconf 90' lang='lat' dir='ltr'>quod</span> 
     </span>
     <span class='ocr_line' id='line_1_13' title="bbox 236 3411 1391 3499; baseline 0.003 -24"><span class='ocrx_word' id='word_1_82' title='bbox 236 3411 388 3494; x_wconf 80' lang='lat' dir='ltr'>linguam</span> <span class='ocrx_word' id='word_1_83' title='bbox 408 3414 577 3478; x_wconf 89' lang='lat' dir='ltr'>literalem</span> <span class='ocrx_word' id='word_1_84' title='bbox 596 3415 685 3481; x_wconf 89' lang='lat' dir='ltr'>inter</span> <span class='ocrx_word' id='word_1_85' title='bbox 703 3421 737 3481; x_wconf 90' lang='lat' dir='ltr'>et</span> <span class='ocrx_word' id='word_1_86' title='bbox 755 3415 930 3499; x_wconf 85' lang='lat' dir='ltr'>vulgarem</span> <span class='ocrx_word' id='word_1_87' title='bbox 949 3415 1140 3496; x_wconf 85' lang='lat' dir='ltr'>intercedit,</span> <span class='ocrx_word' id='word_1_88' title='bbox 1160 3415 1310 3480; x_wconf 87' lang='lat' dir='ltr'>breviter</span> <span class='ocrx_word' id='word_1_89' title='bbox 1330 3421 1391 3478; x_wconf 86' lang='lat' dir='ltr'>tan-</span> 
     </span>
     <span class='ocr_line' id='line_1_14' title="bbox 239 3532 1415 3617; baseline 0.001 -22"><span class='ocrx_word' id='word_1_90' title='bbox 239 3552 369 3613; x_wconf 80' lang='lat' dir='ltr'>gamus,</span> <span class='ocrx_word' id='word_1_91' title='bbox 390 3532 518 3598; x_wconf 82' lang='lat' dir='ltr'>Arabes</span> <span class='ocrx_word' id='word_1_92' title='bbox 539 3532 676 3600; x_wconf 85' lang='lat' dir='ltr'>cultura</span> <span class='ocrx_word' id='word_1_93' title='bbox 694 3541 728 3600; x_wconf 89' lang='lat' dir='ltr'>et</span> <span class='ocrx_word' id='word_1_94' title='bbox 747 3541 941 3600; x_wconf 87' lang='lat' dir='ltr'>mercatura</span> <span class='ocrx_word' id='word_1_95' title='bbox 959 3532 994 3597; x_wconf 87' lang='lat' dir='ltr'>in</span> <span class='ocrx_word' id='word_1_96' title='bbox 1013 3532 1084 3597; x_wconf 89' lang='lat' dir='ltr'>dies</span> <span class='ocrx_word' id='word_1_97' title='bbox 1109 3533 1348 3617; x_wconf 86' lang='lat' dir='ltr'>progrediente</span> <span class='ocrx_word' id='word_1_98' title='bbox 1369 3540 1392 3597; x_wconf 88' lang='lat' dir='ltr'>el</span> <span class='ocrx_word' id='word_1_99' title='bbox 1414 3605 1415 3614; x_wconf 10' lang='grc' dir='ltr'>χ</span> 
     </span>
     <span class='ocr_line' id='line_1_15' title="bbox 235 3647 1393 3737; baseline 0.003 -25"><span class='ocrx_word' id='word_1_100' title='bbox 235 3647 377 3715; x_wconf 84' lang='lat' dir='ltr'>florente</span> <span class='ocrx_word' id='word_1_101' title='bbox 395 3650 522 3716; x_wconf 87' lang='lat' dir='ltr'>multas</span> <span class='ocrx_word' id='word_1_102' title='bbox 540 3674 638 3720; x_wconf 88' lang='lat' dir='ltr'>voces</span> <span class='ocrx_word' id='word_1_103' title='bbox 657 3677 696 3718; x_wconf 86' lang='lat' dir='ltr'>ex</span> <span class='ocrx_word' id='word_1_104' title='bbox 729 3652 805 3717; x_wconf 90' lang='lat' dir='ltr'>aliis</span> <span class='ocrx_word' id='word_1_105' title='bbox 823 3653 964 3736; x_wconf 83' lang='lat' dir='ltr'>linguis,</span> <span class='ocrx_word' id='word_1_106' title='bbox 991 3657 1075 3736; x_wconf 84' lang='lat' dir='ltr'>puta</span> <span class='ocrx_word' id='word_1_107' title='bbox 1098 3659 1245 3733; x_wconf 89' lang='lat' dir='ltr'>turcam,</span> <span class='ocrx_word' id='word_1_108' title='bbox 1267 3653 1393 3737; x_wconf 88' lang='lat' dir='ltr'>adopta-</span> 
     </span>
     <span class='ocr_line' id='line_1_16' title="bbox 235 3770 1392 3855; baseline 0.003 -25"><span class='ocrx_word' id='word_1_109' title='bbox 235 3774 330 3849; x_wconf 90' lang='lat' dir='ltr'>runt,</span> <span class='ocrx_word' id='word_1_110' title='bbox 352 3790 369 3833; x_wconf 90' lang='lat' dir='ltr'>e</span> <span class='ocrx_word' id='word_1_111' title='bbox 393 3776 514 3836; x_wconf 88' lang='lat' dir='ltr'>contra</span> <span class='ocrx_word' id='word_1_112' title='bbox 537 3771 651 3855; x_wconf 86' lang='lat' dir='ltr'>plures</span> <span class='ocrx_word' id='word_1_113' title='bbox 670 3772 902 3855; x_wconf 86' lang='lat' dir='ltr'>expressiones</span> <span class='ocrx_word' id='word_1_114' title='bbox 928 3772 1088 3854; x_wconf 91' lang='lat' dir='ltr'>antiquas</span> <span class='ocrx_word' id='word_1_115' title='bbox 1107 3777 1168 3836; x_wconf 90' lang='lat' dir='ltr'>aut</span> <span class='ocrx_word' id='word_1_116' title='bbox 1187 3770 1392 3854; x_wconf 86' lang='lat' dir='ltr'>neglexerunt</span> 
     </span>
    </p>
   </div>
   <div class='ocr_carea' id='block_1_5' title="bbox 141 3887 1392 3974">
    <p class='ocr_par' dir='ltr' id='par_1_5' title="bbox 141 3887 1392 3974">
     <span class='ocr_line' id='line_1_17' title="bbox 141 3887 1392 3974; baseline 0.002 -25"><span class='ocrx_word' id='word_1_117' title='bbox 141 3908 144 3913; x_wconf 93' lang='lat'>·</span> <span class='ocrx_word' id='word_1_118' title='bbox 235 3893 296 3951; x_wconf 89' lang='lat' dir='ltr'>aut</span> <span class='ocrx_word' id='word_1_119' title='bbox 326 3910 441 3953; x_wconf 91' lang='lat' dir='ltr'>earum</span> <span class='ocrx_word' id='word_1_120' title='bbox 470 3887 735 3971; x_wconf 85' lang='lat' dir='ltr'>significationes</span> <span class='ocrx_word' id='word_1_121' title='bbox 759 3889 951 3974; x_wconf 87' lang='lat' dir='ltr'>primitivas</span> <span class='ocrx_word' id='word_1_122' title='bbox 982 3894 1169 3954; x_wconf 89' lang='lat' dir='ltr'>mutarunt.</span> <span class='ocrx_word' id='word_1_123' title='bbox 1214 3889 1392 3954; x_wconf 86' lang='lat' dir='ltr'>Generatim</span> 
     </span>
    </p>
   </div>
   <div class='ocr_carea' id='block_1_6' title="bbox 176 4005 1392 4567">
    <p class='ocr_par' dir='ltr' id='par_1_6' title="bbox 176 4005 1392 4567">
     <span class='ocr_line' id='line_1_18' title="bbox 234 4005 1391 4094; baseline -0.001 -23"><span class='ocrx_word' id='word_1_124' title='bbox 234 4005 403 4072; x_wconf 88' lang='lat' dir='ltr'>vocalium</span> <span class='ocrx_word' id='word_1_125' title='bbox 428 4009 526 4092; x_wconf 84' lang='lat' dir='ltr'>signa</span> <span class='ocrx_word' id='word_1_126' title='bbox 549 4029 615 4072; x_wconf 95' lang='lat' dir='ltr'>non</span> <span class='ocrx_word' id='word_1_127' title='bbox 635 4007 848 4089; x_wconf 89' lang='lat' dir='ltr'>scribuntur,</span> <span class='ocrx_word' id='word_1_128' title='bbox 868 4009 896 4073; x_wconf 93' lang='lat' dir='ltr'>si</span> <span class='ocrx_word' id='word_1_129' title='bbox 915 4009 1065 4094; x_wconf 81' lang='lat' dir='ltr'>excipias</span> <span class='ocrx_word' id='word_1_130' title='bbox 1084 4013 1213 4093; x_wconf 84' lang='lat' dir='ltr'>puncta</span> <span class='ocrx_word' id='word_1_131' title='bbox 1231 4008 1391 4072; x_wconf 86' lang='lat' dir='ltr'>diacritioa</span> 
     </span>
     <span class='ocr_line' id='line_1_19' title="bbox 233 4124 1392 4210; baseline 0 -21"><span class='ocrx_word' id='word_1_132' title='bbox 233 4147 388 4193; x_wconf 88' lang='lat' dir='ltr'>necnon</span> <span class='ocrx_word' id='word_1_133' title='bbox 413 4127 477 4190; x_wconf 88' lang='lat' dir='ltr'>etsi</span> <span class='ocrx_word' id='word_1_134' title='bbox 493 4148 570 4192; x_wconf 88' lang='lat' dir='ltr'>raro</span> <span class='ocrx_word' id='word_1_135' title='bbox 589 4126 732 4208; x_wconf 87' lang='lat' dir='ltr'>vocales,</span> <span class='ocrx_word' id='word_1_136' title='bbox 752 4129 811 4193; x_wconf 90' lang='lat' dir='ltr'>ubi</span> <span class='ocrx_word' id='word_1_137' title='bbox 835 4133 914 4192; x_wconf 85' lang='lat' dir='ltr'>sunt</span> <span class='ocrx_word' id='word_1_138' title='bbox 943 4128 1168 4210; x_wconf 87' lang='lat' dir='ltr'>necessariae,</span> <span class='ocrx_word' id='word_1_139' title='bbox 1198 4148 1240 4191; x_wconf 92' lang='lat' dir='ltr'>ne</span> <span class='ocrx_word' id='word_1_140' title='bbox 1268 4124 1392 4191; x_wconf 78' lang='lat' dir='ltr'>conlun-</span> 
     </span>
     <span class='ocr_line' id='line_1_20' title="bbox 176 4243 1390 4325; baseline -0.002 -17"><span class='ocrx_word' id='word_1_141' title='bbox 176 4270 180 4278; x_wconf 94' lang='lat'>·</span> <span class='ocrx_word' id='word_1_142' title='bbox 234 4243 359 4310; x_wconf 85' lang='lat' dir='ltr'>dantur</span> <span class='ocrx_word' id='word_1_143' title='bbox 386 4267 483 4310; x_wconf 85' lang='lat' dir='ltr'>voces</span> <span class='ocrx_word' id='word_1_144' title='bbox 513 4249 574 4310; x_wconf 85' lang='lat' dir='ltr'>aut</span> <span class='ocrx_word' id='word_1_145' title='bbox 602 4266 734 4325; x_wconf 83' lang='lat' dir='ltr'>sensus3</span> <span class='ocrx_word' id='word_1_146' title='bbox 771 4245 905 4311; x_wconf 85' lang='lat' dir='ltr'>vocales</span> <span class='ocrx_word' id='word_1_147' title='bbox 934 4246 1051 4313; x_wconf 86' lang='lat' dir='ltr'>breves</span> <span class='ocrx_word' id='word_1_148' title='bbox 1081 4267 1120 4311; x_wconf 90' lang='lat' dir='ltr'>ac</span> <span class='ocrx_word' id='word_1_149' title='bbox 1149 4246 1390 4310; x_wconf 84' lang='lat' dir='ltr'>terminationes</span> 
     </span>
     <span class='ocr_line' id='line_1_21' title="bbox 233 4337 1389 4449; baseline -0.003 -23"><span class='ocrx_word' id='word_1_150' title='bbox 233 4361 352 4428; x_wconf 88' lang='lat' dir='ltr'>finales</span> <span class='ocrx_word' id='word_1_151' title='bbox 362 4387 430 4430; x_wconf 93' lang='lat' dir='ltr'>non</span> <span class='ocrx_word' id='word_1_152' title='bbox 440 4365 719 4449; x_wconf 89' lang='lat' dir='ltr'>pronunciantur,</span> <span class='ocrx_word' id='word_1_153' title='bbox 728 4337 804 4448; x_wconf 49' lang='lat' dir='ltr'>xquo</span> <span class='ocrx_word' id='word_1_154' title='bbox 819 4363 868 4444; x_wconf 90' lang='lat' dir='ltr'>fit,</span> <span class='ocrx_word' id='word_1_155' title='bbox 884 4370 923 4428; x_wconf 91' lang='lat' dir='ltr'>ut</span> <span class='ocrx_word' id='word_1_156' title='bbox 934 4365 1101 4430; x_wconf 87' lang='lat' dir='ltr'>vocabula</span> <span class='ocrx_word' id='word_1_157' title='bbox 1115 4363 1250 4448; x_wconf 85' lang='lat' dir='ltr'>singula</span> <span class='ocrx_word' id='word_1_158' title='bbox 1262 4365 1389 4430; x_wconf 83' lang='lat' dir='ltr'>evadant</span> 
     </span>
     <span class='ocr_line' id='line_1_22' title="bbox 233 4482 1388 4567; baseline -0.003 -22"><span class='ocrx_word' id='word_1_159' title='bbox 233 4485 465 4548; x_wconf 87' lang='lat' dir='ltr'>contractiora</span> <span class='ocrx_word' id='word_1_160' title='bbox 483 4490 517 4547; x_wconf 91' lang='lat' dir='ltr'>et</span> <span class='ocrx_word' id='word_1_161' title='bbox 534 4484 693 4549; x_wconf 83' lang='lat' dir='ltr'>breviora</span> <span class='ocrx_word' id='word_1_162' title='bbox 710 4488 745 4547; x_wconf 88' lang='lat' dir='ltr'>et</span> <span class='ocrx_word' id='word_1_163' title='bbox 762 4485 838 4567; x_wconf 88' lang='lat' dir='ltr'>ipsa</span> <span class='ocrx_word' id='word_1_164' title='bbox 852 4483 970 4566; x_wconf 85' lang='lat' dir='ltr'>lingua</span> <span class='ocrx_word' id='word_1_165' title='bbox 985 4483 1135 4548; x_wconf 88' lang='lat' dir='ltr'>difficilis</span> <span class='ocrx_word' id='word_1_166' title='bbox 1151 4484 1196 4548; x_wconf 86' lang='lat' dir='ltr'>sit</span> <span class='ocrx_word' id='word_1_167' title='bbox 1217 4482 1388 4546; x_wconf 83' lang='lat' dir='ltr'>intellecto.</span> 
     </span>
    </p>
   </div>
   <div class='ocr_carea' id='block_1_7' title="bbox 0 0 1432 5044">
    <p class='ocr_par' dir='ltr' id='par_1_7' title="bbox 0 0 1432 5044">
     <span class='ocr_line' id='line_1_23' title="bbox 0 0 1432 5044; baseline 0 5"><span class='ocrx_word' id='word_1_168' title='bbox 0 0 1432 5044; x_wconf 95' lang='lat' dir='ltr'> </span> 
     </span>
    </p>
   </div>
  </div>
 </body>
</html>
