2848 5040
391 357 470 428 537,
502 359 545 415 De
563 359 648 416 verbo
667 375 728 415 cnm
746 357 862 416 suffixis.

447 604 450 610 ,
503 519 567 586 111.
595 519 754 592 ornus.

463 701 525 780 lle
553 643 791 783 Nominibus.

404 879 493 964 §38-
522 877 841 944 Praemonenda.

107 1035 138 1094 l.
169 1004 317 1096 Nomina
334 1029 445 1095 verbis
459 1030 617 1114 longiora
635 1038 764 1108 suntet
778 1031 947 1112 firmiora,
975 1051 1052 1097 nam
1077 1031 1216 1098 verbum

31 1150 65 1213 in
82 1150 285 1218 universum
302 1154 578 1216 transeuntem
601 1151 768 1216 actionem
785 1150 838 1216 vel
861 1148 1072 1233 qualitatem,
1097 1171 1217 1216 nomen

32 1274 267 1334 manentem
297 1272 411 1348 notat,
451 1268 530 1334 hinc
557 1267 686 1334 multae
719 1267 891 1334 nominum
920 1267 1047 1342 formae
1076 1289 1096 1334 a
1124 1268 1217 1335 verbi

32 1385 206 1470 stirpibus
219 1392 298 1450 sunt
313 1386 497 1452 derivatae.
524 1385 671 1452 Nomina
684 1393 764 1452 sunt
775 1386 827 1450 vel
839 1385 1057 1470 primitiva,
1073 1407 1216 1472 quorum
1286 1377 1289 1382 ⁵

33 1509 149 1589 etyma
170 1510 318 1585 exstant,
339 1504 512 1586 animalia,
538 1505 685 1589 plantas,
705 1502 855 1585 metalla,
875 1525 1042 1585 numeros,
1068 1473 1217 1570 membra

33 1629 96 1687 etc.
118 1623 354 1716 ,designantia
382 1625 434 1690 vel
468 1624 672 1704 derivata,
701 1643 788 1707 quae
815 1645 934 1689 rursus
962 1597 1219 1707 distingiuuntur

33 1744 68 1807 in
87 1741 323 1808 deverbalia
345 1750 379 1809 et
406 1743 722 1822 denominativa,
757 1747 859 1826 prout
886 1742 1090 1807 derivantur·
1110 1746 1170 1808 aut
1198 1761 1218 1805 a
1305 1792 1318 1796 a

31 1861 148 1942 verbo,
171 1865 231 1925 aut
250 1881 270 1925 a
288 1863 436 1936 nomine.
490 1883 495 1892 ·

118 2035 201 2128 Not.
219 2053 245 2094 a.
267 2033 418 2094 Primitiva
433 2039 502 2095 sunt
524 2034 619 2112 quoad
641 2033 762 2093 formam
785 2035 835 2094 aut
857 2032 994 2108 trilitorn,
1016 2049 1043 2093 v.
1066 2051 1095 2109 g.
1118 1990 1216 2120 02⁸,
1269 2047 1271 2054 v

35 2180 89 2253 soi,
116 2123 212 2324 Q*
224 2178 277 2252 vir,
300 2179 352 2238 aut
373 2176 565 2254 (paucissima
586 2177 712 2254 quidam)
728 2176 855 2252 bilitera,
879 2197 904 2238 v.
925 2197 955 2256 g.
972 2121 1023 2264 gl
1043 2179 1137 2252 pater,
1168 2135 1217 2280 gd

36 2283 89 2324 san
181 2281 238 2325 ac.

87 2283 174 2426 gulise
182 2369 203 2425 t.
220 2365 249 2423 b.
271 2363 398 2423 Nomina
414 2362 542 2442 derivata
557 2380 574 2422 a
589 2362 715 2438 simplici
735 2363 829 2424 forma
846 2365 979 2426 oriuntur
995 2363 1042 2422 vel
1058 2365 1217 2427 mutatione
1285 2417 1287 2422 .

35 2465 155 2526 interna
167 2484 208 2526 sc.
225 2455 378 2540 vocalium,
393 2466 445 2524 aut
460 2467 579 2524 externa
594 2483 636 2526 sc.
656 2462 758 2525 addita
772 2483 831 2526 una
846 2467 976 2528 alterave
992 2466 1142 2526 literarum
1157 2482 1219 2527 sar·

37 2567 149 2626 vilium.
171 2567 258 2640 (Vide
273 2565 350 2626 infra
364 2568 381 2638 ξ
394 2568 432 2624 39
450 2568 481 2626 et
496 2568 559 2640 40.)

121 2703 206 2762 Not.
224 2721 249 2762 c.
265 2699 397 2760 ‘Nomina
415 2700 601 2761 substantiva
616 2699 704 2762 simul
719 2707 749 2762 et
764 2700 909 2777 adectiva
923 2703 1165 2780 complectuntur.

116 2829 148 2889 2.
177 2813 326 2891 Nomina
350 2822 503 2887 derivata
527 2820 570 2907 A)
595 2824 779 2903 verbalia
795 2827 830 2891 in
854 2825 938 2891 duas
959 2824 1216 2908 distinguuntur

40 2942 182 3008 classes:
211 2945 246 3027 a)
266 2943 301 3007 in
319 2924 457 3009 nomina
480 2940 594 3006 verbi
619 2941 833 3027 (Infinitivos
852 2944 1051 3029 verborum)
1071 2962 1110 3007 ac
1127 2943 1164 3030 b)
1183 2943 1218 3008 in
1291 3029 1293 3032 Ι

38 3061 179 3126 nomina
207 3059 370 3145 agentis
401 3057 610 3145 (participia
638 3062 768 3148 activa)
793 3067 828 3128 et
850 3064 986 3128 nomina
1016 3063 1219 3146 patientis
1292 3061 1293 3064 ’

44 3178 252 3262 (Participia
271 3180 440 3265 passiva),
462 3178 585 3261 quibus
605 3178 734 3245 alterae
753 3185 904 3264 quatuor
922 3180 1075 3246 diversae
1093 3179 1217 3248 classes

40 3297 225 3384 accedunt:
258 3301 293 3393 a)
322 3299 460 3365 nomina
487 3297 583 3376 vicis,
621 3297 658 3381 b)
687 3298 825 3364 nomina
848 3299 987 3384 speciei,
1020 3299 1057 3384 c)
1081 3299 1219 3396 nomina

39 3415 106 3481 loci
127 3422 162 3480 et
180 3403 345 3500 temporis
365 3416 432 3499 (vel
450 3417 588 3481 nomina
608 3416 711 3502 vasis)
732 3421 766 3481 et
785 3417 821 3502 d)
834 3417 1211 3484 nominainstrumenti.

117 3553 161 3638 B)
182 3551 328 3617 Nomina
353 3552 507 3618 derivata
536 3551 838 3618 denominativa
866 3552 901 3617 in
930 3572 988 3619 sex
1017 3553 1215 3619 dividuntur

41 3669 185 3735 classes:
290 3655 294 3666 ⁸

118 3791 155 3875 a)
183 3789 320 3855 nomina
345 3789 488 3853 unitatis
498 3801 564 3853 'seu
582 3787 884 3869 individualitatis,
904 3788 941 3874 b)
960 3791 1097 3856 nomina
1110 3791 1217 3857 abun·

43 3908 181 3973 dantiae
204 3928 263 4000 seu
286 3906 532 3988 multitudinis,
557 3907 589 3992 o)
613 3906 750 3972 nomina
767 3907 872 3987 vasis,
899 3907 939 3993 d)
966 3910 1103 3974 nomina
1127 3908 1215 3975 rela-

42 4028 157 4108 tioniS,
178 4030 210 4113 e)
231 4026 367 4091 nomina
385 4025 558 4092 abstracta
577 4029 611 4089 et
629 4023 657 4107 f)
677 4026 813 4092 nomina
831 4025 1048 4094 deminutiva.

126 4178 255 4236 Nota
279 4175 405 4236 Nomina
425 4173 532 4234 verbi
552 4191 604 4234 seu
627 4173 768 4247 Actionis,
784 4191 858 4250 quae
873 4174 1005 4235 indicant
1020 4175 1049 4236 in
1065 4178 1215 4239 abstracto
1296 4149 1298 4154 ¹

43 4277 186 4338 actionem
210 4276 337 4352 aliquam
364 4291 416 4336 son
442 4275 607 4350 passionem
626 4274 673 4334 vel
692 4275 838 4336 notionem
858 4277 1080 4351 intransitivum,
1102 4281 1149 4339 tot
1171 4296 1216 4338 re·

42 4380 203 4452 pariuntur,
218 4381 290 4453 quot
302 4379 372 4438 suut
393 4375 532 4456 infinitivi
547 4377 699 4438 verborum
714 4377 901 4438 triliterorum
917 4380 948 4440 et
962 4377 1215 4453 quadriliterorum

44 4481 72 4539 iu
88 4479 220 4540 omnibus
231 4479 344 4538 formis.
360 4476 446 4554 (Vide
462 4477 533 4537 Ταῦ.
549 4477 610 4552 ΧΙ.)

95 4564 261 4646 amnonis,
276 4591 387 4633 matum.
401 4591 504 4642 linguae
518 4592 582 4632 use.
1047 4568 1063 4622 5
