2872 5028
700 365 734 373 -
769 331 838 386 VIII
875 363 908 371 -—

214 511 301 562 vero
328 495 449 581 partes
476 490 525 562 ibi
551 488 666 561 fusius
693 493 884 580 expositas,
920 496 1007 581 puta
1035 493 1179 581 regulas
1206 475 1413 564 literarum

212 627 443 716 infirmarum,
469 634 665 715 praeeunte
688 625 895 697 Clarissimo
921 628 985 698 Dr.
1003 627 1027 698 J
1033 648 1087 698 os.
1108 627 1263 700 Kaerle
1290 628 1408 718 hujus

210 764 401 835 cathedrae
424 761 602 850 Magistra
630 763 811 850 piissimae
838 765 1026 836 memoriae
1058 765 1093 834 in
1126 770 1281 855 systema
1316 764 1407 832 sirn-

209 899 437 988 plicissimum
469 897 610 987 redegi,
649 920 739 988 quae
772 922 888 971 rerum
915 902 1052 989 peritus
1079 901 1175 972 haud
1202 900 1407 971 difficulter

214 1035 381 1124 reperiet.

313 1203 400 1274 Cum
420 1203 557 1273 tirones
583 1203 740 1292 linguam
764 1204 939 1275 arabicam
967 1204 1140 1275 literalem
1167 1201 1404 1278 addiscentes

208 1339 303 1411 haud
322 1360 404 1410 raro
434 1343 469 1410 et
489 1338 716 1410 laudabiliter
735 1339 827 1409 scire
848 1340 1062 1430 desiderant,
1090 1361 1274 1429 quamnam
1300 1361 1400 1431 prae

110 1481 114 1487 '
209 1495 248 1547 se
274 1474 368 1546 ferat
394 1473 521 1546 faciem
545 1455 670 1563 'lingua
697 1475 840 1545 arabica
867 1475 1024 1564 vulgaris
1052 1478 1209 1546 nuncin
1237 1475 1401 1549 Oriente

207 1613 339 1682 usitata
367 1616 403 1682 et
428 1611 465 1680 in
486 1631 638 1701 quonam
667 1632 688 1681 a
707 1611 838 1682 literali
861 1609 1048 1700 discrepet,
1076 1613 1234 1684 breviter
1255 1635 1399 1710 appen-

207 1746 296 1818 dicis
330 1752 466 1817 tantum
501 1747 616 1816 instar
642 1747 824 1818 materiam
857 1747 949 1817 hanc
980 1748 1159 1836 tangendo
1187 1749 1268 1820 huic
1294 1749 1413 1822 desi

207 1883 307 1953 derio
329 1883 527 1974 juventutis
555 1882 774 1954 academicae
803 1881 1010 1954 satisfacere
1038 1884 1168 1968 studui,
1197 1906 1300 1972 quam
1326 1907 1397 1973 ap-

205 2018 389 2107 pendicem
414 2019 595 2108 excipiunt
620 2019 772 2102 tabulae,
800 2038 890 2106 quae
912 2019 1102 2090 verberum
1128 2021 1320 2091 formarum
1349 2041 1395 2089 ac

206 2151 369 2248 flerienis
398 2161 624 2245 prospectum
652 2155 860 2226 exhibentes
887 2156 1055 2226 memoria
1083 2155 1303 2227 sublevanda
1332 2162 1393 2224 sat

204 2288 354 2360 idoneae
384 2288 587 2360 creduntur.

258 2477 439 2560 VIENNAE,
458 2491 486 2549 in
503 2493 589 2550 Festo
606 2491 840 2552 Resurrectionis
855 2493 890 2550 D.
906 2509 934 2550 n.
949 2493 977 2550 J.
996 2493 1062 2550 Chr.
1082 2495 1171 2553 1869.

1070 2982 1273 3057 AUCTOR.
