2872 5028
367 1599 644 1693 connvbio
680 1601 915 1695 linotet!

132 1831 404 1943 Exemplaribus
432 1834 524 1926 libri,
560 1857 663 1926 quem
690 1836 906 1907 clarissimus
933 1835 995 1906 Dr.
1023 1835 1227 1906 Andreas

49 1965 334 2039 Oberleitner
353 1969 584 2042 dialectorum
604 1972 842 2044 semiticarum
866 1972 901 2041 in
921 1971 1105 2042 Facultate
1127 1971 1228 2042 theo·

49 2103 174 2192 logica
191 2101 446 2175 Universitatis
465 2106 749 2178 Vindobonensis
769 2107 957 2178 Professor
975 2109 1032 2196 pie
1061 2107 1228 2179 emeritus

51 2241 91 2308 in
124 2259 227 2309 usum
263 2240 541 2327 praelectionum
580 2244 616 2312 in
647 2243 803 2332 linguam
843 2245 1020 2315 arabicam
1058 2240 1229 2314 academi-

51 2394 175 2444 corum
207 2373 381 2464 ediderat,
416 2379 575 2450 0mnibus
616 2379 817 2469 divenditis
852 2379 955 2450 valde
992 2377 1230 2450 necessarium

55 2511 153 2598 duxi,
170 2516 210 2591 ut
227 2509 402 2582 tironibus
422 2513 588 2584 auditorii
608 2515 753 2606 hujusce
772 2517 915 2605 linguae
936 2515 1152 2584 substratum
1167 2512 1230 2582 ali-

55 2646 153 2735 quod
169 2644 407 2737 exhiberetur,
427 2669 495 2737 quo
510 2649 583 2728 nixi
596 2649 667 2720 levi
680 2652 857 2740 celerique
872 2651 961 2739 pede
975 2649 1232 2738 praelectiones

56 2783 161 2872 sequi
187 2788 345 2870 possent.
398 2781 483 2853 Cum
509 2785 659 2854 materia
685 2785 767 2856 libri
799 2789 837 2856 in
863 2787 970 2857 talem
996 2805 1097 2855 usum
1125 2783 1233 2854 desti-

56 2920 135 2988 nati
163 2923 343 2988 coarctata
361 2919 443 2988 viva
469 2919 629 3008 magistri
647 2940 733 2992 voce
761 2920 961 3011 amplianda
982 2921 1030 2992 sit
1056 2925 1093 2992 et
1117 2918 1233 2990 fusius

59 3053 280 3143 explicanda,
312 3054 432 3124 brevis
466 3075 545 3125 esse
573 3054 679 3143 volui,
713 3055 798 3143 quin
832 3054 1036 3126 essentialia
1069 3076 1110 3125 ac
1144 3056 1234 3126 scitu

58 3190 267 3262 necessaria
285 3189 497 3278 omitterem3
525 3189 607 3261 binc
627 3189 731 3278 plura
754 3189 914 3279 exempla
932 3188 1079 3277 singulis
1100 3189 1235 3276 regulis

60 3325 283 3396 illustrandis
315 3345 493 3414 apponere
524 3326 666 3410 evitavi,
702 3346 848 3414 quarum
882 3323 1167 3415 applicandorum
1198 3324 1235 3392 in

61 3462 271 3533 selectarum
291 3461 443 3550 partium
459 3461 764 3550 interpretatione,
783 3483 872 3550 quae
891 3461 1045 3531 studium
1065 3481 1236 3549 gramma-

61 3598 168 3669 ticale
196 3595 395 3666 immediate
425 3597 526 3686 sequi
554 3595 654 3682 solet,
686 3595 855 3685 frequens
883 3596 966 3667 data
993 3605 1048 3668 est
1074 3595 1236 3666 facultas

63 3732 159 3804 Utile
188 3732 271 3822 quid
299 3732 330 3801 si
350 3732 431 3802 huic
452 3732 542 3802 libro
568 3731 665 3822 insit,
693 3737 853 3802 nontam
871 3753 949 3803 meo
964 3733 1107 3822 ingenio
1123 3731 1246 3815 debet,

65 3890 170 3958 quam
194 3867 382 3938 indefessis
400 3868 580 3938 laboribus
597 3868 763 3956 virorum,
790 3866 849 3955 qui
865 3867 989 3938 harum
1009 3869 1238 3939 dialectarnm

32 4087 35 4093 ¹
65 4005 221 4075 cultores
256 4003 437 4092 praecipui
473 4024 513 4073 ac
545 4001 771 4074 Maecenates
806 4002 887 4092 jure
921 4004 1171 4092 praedicantur
1204 4006 1240 4073 et

67 4160 216 4230 quorum
239 4160 347 4228 opera
365 4140 466 4227 prelo
489 4122 585 4209 edita
605 4160 781 4228 nunquam
810 4158 880 4211 non
908 4138 1115 4210 consultari.
1156 4135 1239 4206 Sae-

68 4276 212 4365 pissime
232 4275 493 4364 grammaticam
516 4274 672 4345 criticam
692 4275 887 4346 doctissimi
913 4275 1064 4345 Ewaldii
1089 4275 1239 4365 inspexi,

69 4411 239 4482 nonnulla
260 4433 278 4481 e
297 4409 534 4481 fundamentis
550 4409 789 4482 Oberleitneri
809 4412 991 4481 immutata
1009 4411 1124 4498 retuli,
1151 4411 1239 4481 alias

612 4791 928 4902 mooucuss
