2848 5040
170 276 209 334 54
316 279 355 336 Il.
372 281 449 335 Pars.
478 281 518 335 De
536 279 697 335 Formarum
716 281 850 338 doctrino.
878 281 916 336 11.
936 277 1003 350 Cap.
1027 279 1068 336 Do
1081 278 1189 334 Verbis.

161 455 163 458 ·
226 443 329 527 §30u
368 443 423 507 De
455 443 633 510 flexione
665 443 877 510 verborum
910 428 1291 527 quadriliterorum.

660 560 756 646 (Tab.
777 561 852 648 IV).

200 735 201 742 κ
247 697 391 763 Formas
405 697 498 762 verbi
514 697 729 780 quadriliteri
744 699 862 764 stricte
880 703 1069 782 sequuntur
1088 696 1214 764 formas
1232 695 1279 761 II.
1302 694 1344 758 V.

172 815 249 900 vn.
270 821 304 880 et
322 815 382 880 IX.
401 814 495 879 uerbi
514 815 664 890 triliteri.
779 881 781 891 ,

230 1004 249 1088 ᾗ
272 1006 324 1066 31.
353 1005 383 1067 2.
411 1000 467 1065 Ι)θ
491 1000 679 1068 flexione
701 1001 916 1068 verborum
942 1001 1290 1084 imperfectorum.

619 1121 715 1205 (rab.
736 1119 895 1207 v-XI).

154 1287 156 1291 v
247 1255 359 1322 Verba
386 1231 629 1340 imperfecte
656 1255 816 1332 dicuntur
843 1278 896 1338 ea,
928 1257 1073 1341 quaein
1098 1253 1347 1338 flexioneplus

172 1375 322 1439 minusve
340 1373 502 1440 recedunt
523 1395 543 1438 a
562 1395 681 1440 norma
699 1375 793 1440 uerbi
810 1375 952 1459 perfecti
971 1374 1159 1459 etquidem
1179 1373 1222 1440 ob
1242 1375 1343 1439 unius
1406 1435 1407 1440 ,

171 1469 362 1578 pluriumve
380 1491 581 1558 radicalium
601 1490 749 1558 indolem
774 1499 808 1560 et
825 1493 931 1579 legem
950 1492 1204 1584 particularem.

249 1610 405 1678 Variatio
427 1611 510 1676 haec
534 1609 714 1676 adducitur
732 1595 963 1695 applicatione
982 1611 1177 1696 regularum
1203 1612 1244 1678 de
1264 1632 1346 1676 oon·
1409 1667 1410 1680 ,

173 1731 393 1810 centratione,
419 1729 542 1815 quiete,
567 1731 795 1811 conversione,
820 1731 1009 1816 abjectione
1038 1738 1072 1797 et
1096 1730 1346 1797 mutationibus

173 1849 319 1915 Homnae
342 1870 447 1932 supra
471 1849 717 1932 expositarum3
748 1847 825 1915 nam
849 1849 932 1914 haec
955 1855 1006 1915 est
1028 1849 1172 1934 linguae·
1188 1848 1347 1916 arabicae
1410 1815 1412 1846 l

174 1969 292 2048 virtus,
307 1974 346 2033 ut
357 1968 596 2052 pronunciatio
608 1968 653 2032 sit
664 1968 849 2049 robustior,
865 1969 1078 2035 constantior
1091 1975 1124 2035 et
1138 1968 1345 2035 distinctior.

174 2087 261 2153 Hinc
278 2087 381 2153 rerba
404 2085 600 2170 imperfecta
623 2087 659 2151 in
681 2094 830 2172 quatuor
848 2073 1008 2154 distribui
1034 2090 1178 2171 possunt
1202 2088 1346 2153 classes:

92 2215 98 2226 ’
225 2225 259 2308 a)
280 2223 392 2289 Verba
409 2223 614 2306 geminata
631 2243 690 2288 sou
710 2229 930 2304 contracta,
951 2245 1095 2307 quorum
1115 2224 1264 2290 secunde
1283 2246 1342 2289 ra·

279 2339 398 2407 dicalis
417 2360 492 2404 cum
512 2342 615 2406 tertia
634 2347 685 2406 est
704 2342 831 2408 eedem.

223 2459 260 2545 b)
281 2458 394 2526 Verba
408 2459 602 2541 hamzata,
623 2481 767 2544 quorum
782 2461 903 2543 prima,
923 2466 983 2525 eut
997 2461 1154 2542 secunde,
1171 2461 1348 2526 autbertia

282 2578 442 2645 radicalis
462 2585 512 2643 est
529 2579 630 2645 litera
648 2578 787 2644 Hamza.
1117 2553 1125 2570 .

225 2699 257 2783 c)
278 2697 391 2764 Verba
412 2698 594 2778 infirma,
620 2699 708 2763 inter
732 2718 877 2780 quorum
902 2669 1066 2764 radicales
1097 2721 1165 2764 una
1195 2719 1212 2763 θ
1236 2699 1348 2764 literis

252 2877 253 2881 ,
282 2815 424 2882 infirmis
445 2853 480 2914 5
500 2816 552 2882 vel
566 2865 585 2924 7
614 2817 781 2895 occurrit;
810 2819 844 2878 et

227 2952 263 3039 d)
288 2952 400 3020 Verba
420 2952 650 3017 multifarie
674 2951 856 3032 infirma,
889 2973 1033 3035 quorum
1064 2913 1151 3017 duae
1178 2952 1349 3018 radiculas

283 3070 531 3136 mutationibus
551 3093 654 3156 supra
673 3072 773 3137 dictis
793 3077 873 3137 sunt
891 3071 1068 3137 obnoxiae.

302 3273 306 3282 ’
431 3291 461 3375 ξ.
481 3294 532 3355 32.
558 3309 588 3355 a.
617 3289 671 3356 De
695 3289 828 3356 verbis
853 3291 1089 3355 contractis.

254 3425 384 3508 Verbis,
410 3447 496 3511 quae
519 3427 699 3494 secundam
717 3425 901 3492 radicalem
921 3428 1103 3510 geminant,
1123 3426 1349 3512 applicandae

178 3548 257 3610 sunt
274 3544 411 3627 regulae
427 3541 722 3612 Coneentrationis
741 3545 830 3630 (vide
850 3546 945 3631 §9.);
965 3546 1156 3618 contractio
1176 3567 1267 3630 ergo,
1288 3545 1347 3610 ubi

178 3668 229 3728 est
246 3663 351 3744 licita,
377 3664 410 3726 in
429 3663 522 3728 verbi
540 3662 742 3729 flexionibus
761 3685 892 3747 semper
909 3663 994 3747 legis
1012 3666 1121 3730 instar
1140 3667 1201 3727 est.

261 3793 349 3874 Not:
365 3830 390 3870 a
413 3812 447 3871 In
462 3813 529 3872 Aor.
546 3811 569 3870 Ι.
585 3812 703 3886 passivo
716 3813 827 3874 vocalis
843 3813 1082 3874 characteristico
1098 3815 1190 3872 Kesra
1205 3814 1349 3872 secundae

178 3913 315 3973 radicalis
334 3914 362 3972 iu
385 3915 412 3970 3.
427 3929 550 3986 porsous
573 3913 819 3975 concentrstionis
839 3928 928 3975 causa
950 3915 1025 3990 perit
1044 3917 1166 3989 excepta
1183 3915 1209 3972 3.
1223 3930 1350 3988 persona

178 4016 252 4088 plur.
269 4015 381 4085 femin.;
401 4014 431 4073 in
447 4016 515 4075 Aor.
529 4016 568 4076 ΙΙ.
583 4015 700 4089 passivo
718 4017 813 4075 autem
830 4010 941 4076 vocalis
957 4014 1198 4077 characteristica
1213 4014 1309 4092 Fotlpa
1332 4033 1348 4074 θ

180 4159 308 4218 secunda
318 4159 442 4220 radicali
451 4159 479 4219 in
492 4159 613 4232 primum
624 4175 745 4221 vacuam
757 4159 961 4234 praemittitur,
975 4175 1000 4218 v.
1013 4176 1042 4234 g.
1056 4177 1089 4220 ox
1101 4125 1198 4236 elil-2}
1214 4163 1249 4220 fit
1266 4116 1347 4238 ἀμ’.

264 4296 341 4354 Not.
357 4295 385 4353 b.
403 4285 522 4357 Praetor
533 4295 675 4370 pluralem
686 4293 783 4354 femin.
800 4294 829 4354 in
841 4295 1026 4360 totvorislo
1037 4297 1075 4356 II.
1094 4277 1238 4374 (suceptis
1251 4299 1348 4356 umen

180 4391 311 4474 desmate
328 4400 357 4457 ot
372 4397 537 4474 imperativo
552 4395 657 4472 modis)
674 4397 871 4458 concontratio
888 4415 1002 4474 sempor
1017 4401 1061 4458 est
1076 4399 1250 4458 necessaria.
