2848 5040
416 1489 561 1626 PAllS
599 1491 807 1607 TERTIA.

470 1689 753 1834 Syntanis.

400 1965 488 2042 §52
517 1961 834 2027 Praemoncnda.
1061 2049 1078 2084 0

108 2113 240 2194 Lingua
259 2113 395 2177 arabica
414 2115 456 2179 ad
476 2115 583 2182 multo
603 2118 774 2200 majorem,
794 2135 894 2197 quam
909 2119 1040 2178 ceterae
1054 2125 1197 2191 sorores,

39 2236 147 2296 evecta
173 2237 224 2294 est
251 2231 512 2300 concinnitatem
544 2241 676 2318 gratam
710 2240 744 2298 ot
775 2253 891 2297 sensns
924 2231 1200 2317 perspicuitatem

39 2327 179 2428 facilem,
206 2351 360 2432 quamvis
388 2352 620 2436 simplicitatis
646 2353 806 2436 antiquae
831 2351 1084 2417 fundamentum
1112 2351 1203 2414 etin

42 2467 172 2531 cultiori
190 2468 308 2550 lingua
321 2469 485 2535 intactum
500 2473 633 2536 mansit.
671 2472 816 2537 Materia
829 2471 913 2536 bene
928 2469 1095 2554 disposita
1108 2469 1203 2552 prius

42 2589 78 2650 Ao
101 2587 243 2670 singulis
273 2589 521 2654 enunciationis
540 2591 695 2674 partibus
720 2597 753 2654 et
777 2589 854 2654 dein
871 2589 911 2654 dc
930 2588 1202 2654 enunciationum

40 2703 186 2769 connex‘u
210 2693 440 2773 tractandum*
455 2710 561 2789 venit;
593 2708 628 2773 in
653 2708 759 2793 priori
778 2708 924 2772 sectione
943 2707 1065 2771 itermn
1083 2727 1202 2772 conve-

40 2826 165 2888 nienter
189 2827 280 2909 parti
301 2829 512 2893 antecedenti
531 2828 697 2912 syntaxis:
733 2829 759 2893 Ι.
781 2810 1096 2928 Pronominunfil'l.
1118 2827 1201 2892 Ver-

40 2944 163 3023 borum,
183 2943 246 3010 III.
267 2944 446 3032 Nominum
467 2954 500 3011 et
519 2947 577 3012 IV.
599 2945 849 3010 Particularum
868 2952 919 3011 est
937 2946 1144 3030 exponenda.

414 3178 609 3254 SEGTIO
641 3180 825 3254 PRIMA.

249 3351 302 3422 De
329 3351 613 3424 enunciationem
640 3353 801 3442 partibus
827 3350 986 3441 singulis.

502 3510 545 3587 ¹I.
567 3523 721 3592 CAPUT.

340 3686 398 3765 ce
424 3685 586 3789 Syntaxi
614 3687 897 3766 Pronominum.

165 3864 253 3944 §At
283 3863 321 3926 A.
351 3863 404 3927 De
428 3863 754 3931 Pronominibus
778 3861 1076 3950 personalibus

118 4021 144 4080 l.
174 4015 314 4094 Quando
344 4038 528 4098 pronomen
561 4015 737 4100 personale
772 4021 823 4081 est
852 4015 1096 4082 enunciationis
1125 4015 1203 4080 sub-

42 4135 170 4216 jectum,
193 4133 317 4218 copulat
331 4155 389 4199 seu
404 4136 504 4202 verbo
522 4135 693 4200 abstracto
709 4135 752 4200 ad
763 4137 957 4220 juncturam
974 4133 1115 4218 subjecti
1129 4154 1205 4198 curn

44 4253 236 4340 praedicato
259 4274 299 4317 ex
331 4254 490 4337 antiquae
509 4253 644 4336 linguae
679 4253 896 4336 simplicitate
920 4251 1012 4318 haud
1035 4273 1119 4336 opus
1143 4257 1204 4332 est,

49 4391 104 4435 nec
122 4393 199 4437 vero
219 4391 367 4454 unquam
392 4371 599 4456 objectorum
623 4372 740 4453 serice,
765 4393 852 4456 quae
876 4393 893 4436 e
916 4371 1053 4436 notione
1071 4371 1205 4455 pendet,

92 4499 254 4551 Zichokkc¹
270 4499 379 4540 institut.
394 4499 455 4549 ling.
470 4501 533 4540 arab.
1002 4505 1017 4558 7
