2872 5028
232 309 271 370 32
369 314 407 371 Il.
421 315 497 372 Pars.
515 315 556 370 De
569 311 727 370 Formarum
740 315 874 372 doctrina.
893 317 915 372 Ι.
928 315 995 388 Cap.
1013 317 1053 370 Do
1065 313 1284 372 Pronominibnr.

203 458 207 466 ¹
231 478 366 562 gaudet,
391 499 472 562 prae
490 477 610 544 ceteris
633 476 788 543 dialectis
807 479 958 564 cognatis
977 478 1077 562 longe
1100 477 1261 546 familior.
1291 479 1392 544 Ratio

230 596 398 662 formandi
421 595 546 661 formas
570 595 759 661 extrinseca
782 596 894 663 locum
913 598 1016 663 habet
1037 596 1072 660 in
1092 596 1294 664 formatione
1320 617 1393 680 per-

231 737 389 798 sonarum
418 714 526 795 verbi,
559 720 594 780 et
621 716 656 780 in
684 736 805 800 genere
834 738 1040 801 numeroque
1066 716 1158 782 verbi
1189 721 1223 782 et
1249 715 1395 784 nominis

230 833 425 899 formandis.

206 979 209 983 ’
307 973 337 1033 3.
359 968 499 1035 Praeter
523 968 583 1034 bas
608 970 731 1054 stirpes
755 970 920 1036 triliteras
938 970 1026 1036 aliae
1051 975 1145 1037 ortae
1164 975 1246 1036 suut
1261 969 1395 1055 plurili-

231 1095 323 1153 terae
350 1087 474 1153 additis
503 1087 598 1154 novis
623 1089 812 1172 augmentis
838 1089 954 1154 eadem
976 1089 1063 1174 lege,
1092 1111 1159 1174 qua
1181 1089 1352 1154 triliterae
1381 1113 1395 1154 e

230 1207 393 1287 biliteris;
412 1229 491 1273 nam
509 1226 576 1272 una
594 1208 776 1290 eademque
795 1211 847 1272 est
866 1207 1023 1292 stirpium
1043 1208 1296 1274 formandorum
1318 1229 1394 1292 pro-

231 1327 369 1411 pagatio
395 1349 412 1391 e
442 1326 578 1411 linguae
610 1319 746 1392 officina
773 1325 966 1394 formatrice
996 1327 1165 1411 prodiens.
1226 1325 1278 1392 Ad
1312 1327 1394 1391 hanc

233 1445 375 1512 classem
398 1445 599 1531 praeprimis
622 1445 792 1530 pertinent
809 1444 974 1510 vocabula
997 1445 1177 1530 peregrina
1198 1447 1233 1510 in
1257 1445 1394 1510 Arabis·

232 1588 322 1630 mum
340 1571 487 1649 recepta.
1421 1651 1422 1662 ἵ

306 1690 336 1748 4.
376 1684 509 1749 Partem
546 1683 682 1766 linguae
723 1680 932 1764 potissimam
972 1683 1185 1748 constituunt
1225 1683 1330 1748 verba
1366 1691 1394 1748 et

231 1802 376 1882 uomina,
393 1801 516 1886 quibus
534 1800 720 1866 succedunt
739 1798 944 1884 particulae;
970 1822 1044 1866 cum
1064 1807 1177 1867 antem
1195 1802 1394 1886 pronomina

233 1921 434 2006 praeprimis
461 1918 671 2003 personalia,
702 1940 719 1983 c
743 1917 879 2002 linguae
903 1924 1015 1984 aetate
1039 1919 1225 2003 antiquiori
1254 1926 1394 2002 servata,

234 2040 398 2105 advoces
429 2037 581 2104 verbales
610 2015 689 2103 sunt
718 2035 907 2116 adhibitae,
938 2037 992 2101 hic
1019 2038 1113 2122 prius
1146 2060 1186 2103 ea
1211 2039 1394 2104 describere

236 2160 337 2224 ‘uvat

229 2182 243 2244 J
310 2278 348 2342 In
372 2277 435 2342 hae
460 2299 539 2361 ergo
559 2273 705 2342 secunda
728 2278 827 2356 parte
846 2272 1044 2356 exponenda
1062 2280 1155 2338 sunt:
1192 2273 1220 2338 Ι.
1246 2273 1394 2339 Prono·
1421 2369 1422 2372 Ἴ

233 2397 350 2478 mina,
370 2364 586 2476 rufant,
607 2391 670 2461 111.
691 2391 862 2458 uomina
880 2397 914 2456 a
932 2391 991 2458 rv.
1012 2391 1260 2458 particulae.

710 2681 737 2746 I.
764 2678 920 2746 CAPUT.

613 2845 673 2923 De
710 2843 1020 2922 Pronominmus.

372 3031 390 3114 ᾖ
413 3031 462 3092 16,
508 3030 536 3091 1,
557 3023 611 3088 De
635 3020 949 3087 Pronomiuibus
971 3022 1264 3103 personalibus.

313 3261 502 3326 Pronomen
525 3250 703 3339 personale
733 3250 882 3335 (arabice
899 3219 1002 3369 μ
1028 3221 1100 3365 {22
1132 3273 1251 3318 nomen
1293 3253 1398 3318 occul-

214 3371 218 3382 ’
238 3387 312 3445 tum
332 3379 474 3457 dictum,
500 3374 580 3460 quia
604 3393 665 3456 pro
684 3369 823 3454 proprio
848 3369 981 3438 nomine
999 3369 1168 3437 occultato
1185 3372 1227 3436 ¹iu
1251 3373 1398 3437 oratione

238 3498 473 3581 substituitur)
504 3473 635 3560 esr‘vel
668 3489 705 3574 1)
731 3492 979 3570 separatum,
1009 3487 1061 3554 vel
1090 3489 1319 3574 inseparabile
1347 3513 1398 3555 aen

240 3620 272 3702 2)
293 3616 501 3682 suffixum.
555 3609 646 3678 Illud
672 3627 734 3691 pro
754 3605 961 3672 nominativo
981 3607 1178 3688 adhibeturp
1191 3607 1254 3675 hoo
1273 3610 1398 3676 casibus
1420 3597 1421 3606 ¹

240 3735 388 3819 obliquis
418 3729 642 3817 exprimendis
677 3724 834 3805 inservit3
880 3731 1027 3792 ceterum
1063 3728 1175 3796 omnia
1207 3729 1399 3813 pronomina

239 3852 433 3938 personalia
450 3856 529 3918 sunt
548 3843 813 3916 indeclinabilia.
920 3870 930 3891 ·
960 3829 961 3832 ¹

479 4074 519 4140 A.
556 4067 761 4138 Pronomina
783 4065 978 4164 personalia
1000 4073 1169 4152 separata.

469 4272 580 4349 sugat.
765 4235 767 4240 Ι
1077 4266 1186 4328 Plural.

247 4413 276 4476 1.
299 4429 389 4496 pers.
410 4430 494 4478 com.
514 4361 562 4481 [sl
580 4425 641 4492 ogo
662 4389 754 4488 (lii)
856 4411 885 4472 1.
906 4425 940 4488 p.
959 4421 1043 4468 com.
1067 4377 1171 4510 &a
1189 4421 1251 4468 nos
