2872 5028
280 355 332 426 §4-
349 355 390 410 De
402 355 490 426 signis
502 357 624 428 oenop.
644 355 675 412 B.
687 355 802 413 Hamas.
821 352 851 412 0.
870 352 982 412 Teidid.
1109 401 1113 410 .
1189 345 1225 408 13

54 523 174 584 antem
193 517 296 584 litera
312 518 392 584 talis
410 518 507 603 signo
526 518 766 604 distinguenda
778 517 960 599 rideretur,
979 517 1081 584 litera
1092 559 1121 588 a.
1140 515 1228 600 signi

52 658 131 728 loco
151 662 312 747 apposita
330 667 391 743 est,
417 682 462 728 sc.
482 663 573 732 vocis
593 612 678 762 ἒᾶῥ
703 662 897 751 (fortitudo,
920 659 1111 744 roboratio)
1134 659 1227 744 prin-

53 803 184 890 cipium
203 813 237 872 et
250 806 500 891 compendium3
524 809 604 875 talis
623 809 710 876 enim
728 807 831 873 litera
848 807 971 875 fortius
990 803 1159 871 efferenda
1176 808 1228 869 est

56 928 90 988 et
106 924 280 992 diductius
299 946 400 1010 quam
412 924 515 995 litera
527 928 680 1015 simplex,
699 927 787 992 unde
806 924 1043 1011 pronunciatio
1061 924 1145 990 haec
1158 923 1227 990 ior·

53 1068 124 1135 tior
142 1070 247 1136 etiam
268 1039 404 1167 &did
424 1063 579 1159 (Tainia)
598 1072 622 1138 i.
642 1093 670 1139 e.
690 1069 900 1138 vehementia
917 1037 1014 1135 audit
1031 1069 1164 1134 nomine
1184 1069 1227 1133 ad

53 1213 191 1296 signnm
216 1213 456 1282 nominandum
479 1179 657 1297 traduct03
687 1215 840 1300 duplicat
862 1215 979 1300 itaque
1006 1213 1139 1298 signnm
1164 1211 1227 1279 hoc

53 1329 203 1413 literam,
223 1333 277 1399 cui
295 1333 492 1418 imponitur.

141 1465 224 1526 Not.
258 1459 366 1526 Tesdid
389 1467 595 1541 corraspcndet
615 1467 753 1543 Dagesch
777 1467 845 1530 lorti
866 1466 1064 1528 Hebraeorum
1090 1467 1120 1526 et
1142 1465 1227 1541 signo

53 1566 265 1641 duplicationis
281 1567 484 1629 Germanorum
500 1602 549 1644 -,
564 1587 589 1629 v.
604 1584 636 1644 g.
648 1569 678 1630 in
692 1569 831 1630 Hammer
847 1597 883 1618 =
901 1568 1017 1627 Harircr.

134 1692 169 1776 2)
199 1681 324 1756 Teidie
349 1695 401 1755 est
429 1691 574 1775 duplicis
602 1693 754 1776 generis:
786 1695 821 1777 a)
848 1689 1170 1756 necessarium
1193 1692 1228 1754 et

51 1809 90 1895 b)
121 1809 410 1894 euphonienm.

52 1948 89 2031 a)
120 1945 403 2012 Necessarium
423 1951 484 2026 est,
505 1948 596 2031 quod
610 1946 798 2033 imponitur
810 1947 929 2014 literae
948 1946 1000 2012 bis
1019 1942 1226 2023 scribendae,

124 2111 212 2174 quae
230 2089 423 2180 immediate
447 2095 526 2157 ante
543 2113 577 2156 se
600 2091 703 2158 habet
722 2092 881 2172 vocalem,
901 2090 953 2164 uti
972 2065 1034 2216 J}
1052 2110 1114 2176 pro
1134 2050 1226 2214 δή».

52 2225 91 2312 b)
120 2225 399 2311 Euphonicum
413 2218 539 2293 Tesdid
558 2229 763 2295 adscribitur
780 2228 889 2295 literis
908 2225 1122 2311 quibusdam,
1141 2245 1228 2310 quae

126 2345 279 2430 proxime
298 2352 376 2411 ante
395 2368 429 2412 se
447 2346 574 2413 habent
592 2346 840 2415 Consonantem
853 2367 1003 2428 vacuam,
1023 2366 1109 2430 quac
1128 2344 1229 2436 litera¹

124 2483 233 2530 vacue
247 2465 436 2549 euphoniae
455 2484 557 2532 causa
574 2467 609 2532 in
623 2466 906 2552 pronunciatione
925 2465 1008 2548 sola,
1019 2486 1094 2534 ,non
1114 2470 1227 2531 autern

124 2582 160 2648 in
183 2581 355 2668 scriptura
378 2582 536 2670 abJ'icitur
554 2585 717 2670 cujusque
736 2586 811 2653 loco
830 2605 972 2670 sequens
995 2585 1097 2650 litera
1114 2581 1227 2667 dupli·

125 2707 234 2784 catur,
255 2702 347 2789 quod
365 2701 405 2767 fit

95 2847 132 2932 α)
157 2846 193 2911 iu
210 2845 320 2911 literis
339 2845 545 2914 solaribus
564 2855 642 2934 post
661 2843 686 2930 d
706 2849 843 2915 articuli
862 2813 1110 2930 Jsnominibus
1130 2867 1227 2933 prac-

130 3059 134 3067 ,
158 2991 228 3072 fixi,
242 3013 273 3057 v.
285 3013 317 3075 g.
329 2947 469 3114 ιᾜῖε
487 2992 651 3059 ar-rabbu
666 2993 836 3074 dominus;
851 3015 931 3078 ergo
945 2993 1078 3078 liquida
1089 2969 1227 3074 literad

159 3108 295 3176 mollior
310 3131 429 3176 sonum
444 3132 542 3178 suum
559 3112 594 3177 in
608 3117 802 3197 sequentem
817 3113 937 3180 similis
952 3114 1071 3198 organi
1086 3119 1146 3179 aut
1159 3113 1226 3180 vir·

158 3228 242 3296 tutis
260 3227 395 3295 literam
413 3227 567 3297 diffluere
585 3231 677 3300 sinit.

117 3345 123 3356 '
140 3379 222 3440 Not.
239 3395 266 3440 a.
296 3379 401 3441 Confer
415 3380 581 3442 Latinorum
596 3397 682 3442 voces
698 3382 811 3456 attollo,
831 3383 939 3460 colligo
953 3397 1012 3458 pro·
1021 3381 1142 3458 adtolle,
1159 3399 1228 3442 con·

55 3479 117 3555 ligo
134 3481 191 3540 etc.

141 3600 224 3660 Not.
245 3599 272 3659 b.
304 3599 335 3662 Si
354 3602 409 3662 duo
430 3584 453 3669 d
473 3602 651 3664 concurrunt
670 3599 701 3664 in
715 3601 836 3664 vocibus
855 3601 1027 3680 notioribus,
1049 3603 1092 3666 nti
1112 3603 1143 3664 in
1164 3620 1230 3680 pro·
1273 3599 1276 3608 '

53 3743 168 3804 nomine
191 3743 312 3806 relativo
333 3689 423 3844 gili}
447 3745 570 3806 alterurn
593 3762 708 3821 semper
730 3745 886 3818 omittitnr;
916 3745 1049 3822 siponto
1072 3747 1109 3808 cb
1130 3749 1231 3806 notam

54 3887 159 3964 Datiri,
181 3868 206 3955 d
226 3888 284 3948 tria
303 3891 373 3952 Lam
391 3873 626 3968 occurrerental
650 3889 777 3952 Articuli
792 3907 905 3968 semper
921 3891 1043 3964 excidit,
1059 3889 1103 3950 uti
1121 3889 1152 3949 in
1171 3840 1231 3988 pi]

52 4033 113 4096 Deo
127 4051 182 4109 pro
203 3980 296 4092 sni

95 4169 129 4258 β)
155 4166 273 4234 Litera
295 4213 329 4273 ω
348 4186 461 4234 rocem
479 4165 666 4232 terminans
688 4167 908 4250 sequentibus
927 4167 1036 4233 literis
1056 4158 1227 4233 'molliori-

156 4287 257 4402 bus),
276 4321 322 4384 &⁹
339 4329 370 4400 Γ,
389 4335 417 4395 7,
433 4282 457 4366 ,j
473 4305 573 4370 saepe
587 4284 774 4370 euphoniae
790 4287 903 4371 gratia
917 4284 1136 4367 assimilatur,
1150 4308 1180 4352 v.
1194 4309 1226 4368 g.

155 4409 218 4550 κρῖ
230 4436 291 4536 (pp
310 4427 516 4498 merrabbihi
536 4430 572 4514 (a
589 4428 734 4496 Domino
753 4432 842 4518 suo).
