2872 5028
320 1499 331 1513 ’
417 1588 834 1765 ruornoounul.

193 1833 199 1844 ’
265 1846 294 1921 1.
323 1845 382 1923 De
410 1846 568 1945 linguae
596 1849 783 1926 arabicae
803 1848 990 1946 ¹historia.

111 2037 246 2120 Lingua
264 2038 402 2103 arabica
421 2040 550 2123 origine
568 2062 631 2105 sua
644 2041 793 2124 pertinet
807 2040 850 2105 ad
862 2040 1056 2124 linguarum
1070 2041 1212 2125 stirpem

31 2163 245 2245 Semitioam‚
266 2187 353 2248 quae
379 2173 448 2232 tres
466 2166 725 2251 principaliores
750 2167 988 2252 complectitur
1006 2190 1118 2235 ramos
1138 2189 1212 2235 eos·

32 2311 119 2374 que:
148 2291 365 2360 Aramaioum
385 2293 620 2380 (Chaldaicum
645 2300 679 2358 et
701 2294 908 2379 Syriacum),
943 2299 972 2358 2.
1007 2294 1213 2360 Hebraioum

28 2419 123 2506 (oum
153 2421 377 2487 Phoeniciaoo
402 2427 436 2486 et
459 2421 690 2508 Samaritano)
719 2428 753 2486 et
776 2427 806 2486 3.
840 2421 1022 2486 Arabicum
1047 2441 1122 2485 oum
1145 2421 1209 2486 Ae-

30 2547 202 2631 thiopico.
242 2546 364 2613 Omnes
389 2548 450 2613 has
474 2548 609 2632 linguas
634 2569 674 2613 ex
698 2569 768 2612 uno
791 2549 884 2613 fonto
908 2549 1077 2614 communi
1102 2568 1211 2631 eoquo

28 2675 195 2758 simplici,
227 2677 321 2758 cujus
351 2677 466 2759 patria
495 2677 531 2740 in
558 2674 807 2758 Mesopotamia
833 2674 886 2741 vel
910 2675 1014 2740 Aram
1036 2677 1082 2740 sit
1106 2695 1209 2758 quae·

24 2803 147 2883 reuda,
169 2802 352 2886 prodiisse,
372 2803 461 2882 inter
480 2803 598 2869 doctos
618 2807 670 2866 est
688 2807 893 2893 receptum.¹

111 2951 148 3019 Si
177 2959 252 3019 tum
279 2959 382 3035 terra,
413 2956 539 3040 inqua
567 2955 686 3038 lingua
719 2956 891 3020 aramaioa
919 2960 993 3020 orat
1015 2952 1207 3032 vernacula,

26 3087 105 3146 tum
126 3080 276 3164 ejusdem
301 3082 487 3166 qualitates
507 3082 781 3162 considerantur,
810 3088 921 3166 patet,
945 3083 1032 3148 hano
1056 3080 1209 3165 linguam

28 3208 83 3274 vel
104 3183 215 3292 ipsam
230 3209 431 3292 originalem
450 3210 645 3294 fontemque
663 3208 874 3293 reliquarum
887 3208 1002 3287 fuisse,
1022 3208 1074 3274 vel
1092 3209 1208 3274 archo·

28 3341 115 3419 typo
146 3336 264 3419 stirpis
292 3336 487 3420 linguarum
520 3337 691 3402 semiticae
720 3337 873 3420 proxime
902 3336 1098 3416 accessisse3
1130 3357 1208 3401 nam
1242 3359 1246 3368 ·

28 3462 153 3545 lingua
176 3463 354 3529 chaldaica
382 3471 572 3560 ceterarum
601 3463 851 3548 simplicissima
879 3468 931 3529 est
958 3464 1067 3546 iisque
1097 3463 1207 3528 minus

30 3589 180 3670 exculta,
207 3592 250 3655 ad
275 3610 377 3674 quam
400 3613 505 3676 prope
525 3591 655 3655 aceedit
677 3590 797 3673 lingua
815 3591 957 3674 syriaca.
1006 3590 1116 3674 Magis
1136 3592 1207 3675 jam

30 3716 171 3782 exculta
202 3719 332 3802 prodiit
362 3719 481 3804 lingua
511 3718 672 3798 hebraea,
710 3723 803 3800 quae'
828 3716 978 3800 linguam
1016 3738 1207 3782 aramaeam

30 3845 125 3909 inter
143 3851 178 3910 et
193 3845 364 3910 arabicam
378 3847 525 3912 medium
538 3851 632 3912 tenet
650 3844 777 3924 looum;
795 3846 882 3911 hano
896 3847 984 3911 enim
1001 3851 1041 3909 ut
1059 3844 1206 3910 cultissi-

30 3992 124 4035 mam
149 3972 245 4038 nulla
268 3996 285 4038 e
304 3974 446 4058 reliquis
471 3974 626 4039 dialectis
650 3978 789 4056 aequat,
817 3946 886 4038 sivo
908 3971 1092 4037 formarum
1109 3972 1206 4055 copia

31 4104 66 4162 et
86 4119 205 4164 vocum
226 4101 373 4183 ubertas,
399 4103 467 4168 sivo
489 4122 607 4168 vocum
627 4103 807 4184 juncturae
831 4100 1039 4167 concinnitas
1063 4098 1206 4184 pulchra

32 4233 66 4290 et
82 4228 265 4311 perspicua
279 4235 461 4314 spectetur.
485 4223 505 4297 J
508 4227 654 4312 octau*),
670 4228 722 4294 vel
732 4227 883 4296 anhtan
892 4227 1097 4312 nominatus,
1113 4225 1204 4296 filius

120 4491 147 4562 *J
164 4489 233 4548 een.
252 4493 292 4556 10,
311 4493 353 4548 25.
