2872 5028
510 255 525 322 ξ
544 255 585 306 ²0.
604 251 645 310 Da
663 253 799 310 Articulo.
1197 247 1237 308 39

60 420 140 486 loco
160 419 381 486 dilucidanda
397 417 546 483 veniunt.
582 415 610 480 E
628 416 741 482 radice
760 415 932 482 vocalibus
951 413 1109 481 brevibus
1133 413 1235 481 verbo

58 540 217 624 propriis
242 539 392 605 animata
414 557 472 601 seu
503 541 596 601 mota
621 533 736 618 prodit
764 536 867 618 stirps
885 535 995 619 prima
1013 539 1047 599 et
1070 532 1235 618 proxima,

63 681 154 741 quae
175 681 209 724 se
229 655 423 723 manifestat
441 655 476 718 in
495 657 525 720 3.
545 674 689 738 persona
708 652 831 739 singul.¹
850 651 995 719 Perfeoti
1013 653 1048 718 in
1068 650 1234 737 Activo*).

62 777 218 848 Verbum
254 775 334 854 tale,
370 773 460 858 quod
497 768 577 837 solis
614 770 722 836 literis
758 768 963 838 radicalibus
1006 770 1235 852 constituitur,
1294 759 1299 768 ’

60 895 325 980 primitivum
345 914 404 958 seu
422 891 549 955 nudum
564 889 748 973 simplexvc
766 897 908 957 vocatur
922 896 1039 975 estque
1053 891 1235 956 triliterum

62 1011 116 1078 vel
135 1011 411 1098 quadriliterum.

141 1130 177 1215 2)
208 1129 236 1194 E
258 1126 439 1214 primitivis
473 1127 685 1194 deducuntur
706 1149 766 1212 per
788 1127 1009 1193 mutationem
1034 1133 1094 1193 aut
1112 1127 1234 1192 intrin-

62 1269 181 1314 secam
205 1254 266 1314 aut
289 1246 511 1312 extrinsecam
534 1245 635 1310 verba
661 1245 852 1312 derivata
873 1246 925 1311 vel
950 1251 1061 1326 aucta,
1089 1267 1235 1330 quorum

62 1371 201 1434 mutata
226 1366 334 1432 forma
358 1365 460 1429 etiam
484 1363 616 1430 inducit
639 1365 920 1449 significationem
944 1365 1141 1431 mutandam
1167 1365 1232 1449 (in·
1286 1432 1299 1442 ,

60 1485 247 1565 tensivam,
273 1483 571 1567 frequentativam,
595 1483 812 1564 causativum,
832 1484 1010 1567 passivam,
1030 1483 1231 1563 reflexivam,

61 1605 274 1688 reciprocam
290 1606 380 1687 etc).
406 1601 611 1686 Operatione
630 1623 689 1668 seu
705 1602 908 1669 formatione
921 1600 984 1666 tali
995 1602 1031 1668 in
1048 1601 1233 1685 verbo'pri·

59 1723 183 1788 mitivo
203 1721 294 1786 faeta
315 1725 416 1785 natae
442 1726 521 1786 sunt
543 1720 719 1788 duodecim
743 1719 830 1786 aliae
854 1719 991 1800 formae,
1005 1741 1091 1804 quae
1110 1742 1130 1786 a
1148 1742 1231 1785 non·

60 1841 169 1907 nullis
189 1841 299 1906 minus
319 1843 398 1923 apte
418 1836 680 1924 Conjugationes
700 1839 932 1919 nominantur;
955 1839 1034 1904 hinc
1056 1838 1232 1904 numerata

61 1961 167 2027 simul
206 1958 316 2027 forma
362 1956 547 2041 originaria
587 1958 748 2024 tredecim
789 1958 968 2025 verborum
1008 1955 1231 2023 triliterornm

60 2080 196 2145 formae
215 2082 441 2157 recensentur,
462 2095 606 2160 quarum
620 2077 776 2158 secunda,
796 2077 898 2141 tertia
917 2081 951 2140 et
970 2081 1092 2161 quarta
1111 2081 1231 2142 auctae

62 2203 238 2264 suntuna
260 2195 361 2261 litera
384 2193 498 2260 servili
518 2199 661 2275 tantum,
681 2193 809 2261 formae
828 2195 983 2261 v.-1x.
1007 2194 1138 2261 duabus
1162 2217 1230 2260 ser·

63 2314 193 2381 vilibus
212 2319 247 2379 et
269 2312 411 2380 ultimae
434 2317 583 2397 quatuor
604 2313 714 2378 tribus
738 2313 858 2378 literis.
900 2314 986 2380 Hinc
1008 2315 1048 2378 Α.
1076 2313 1230 2398 singulae

61 2431 78 2498 f
84 2452 227 2500 ermae
245 2437 279 2496 et
297 2431 335 2496 B.
357 2451 472 2496 earum
496 2430 635 2498 flexio
650 2437 730 2498 sunt
748 2433 974 2517 exponendae.

35 2813 37 2818 .
133 2755 152 2840 ᾖ
174 2757 225 2818 22.
258 2751 298 2819 Α.
318 2751 373 2817 De
392 2752 604 2820 verborum
624 2754 673 2838 (a.
694 2752 984 2839 trili'terorum)
1004 2751 1168 2821 Formis.

146 2953 175 3012 1.
200 2947 334 3012 Primae
353 2947 480 3012 formae
505 2947 708 3030 significatio
732 2953 784 3014 est
810 2949 952 3034 simplex
976 2949 1228 3034 originariaque

59 3072 125 3132 aut
143 3067 334 3148 transitiva,
359 3071 419 3131 aut
436 3067 671 3152 intransitiva.¹

143 3211 224 3276 Tres
242 3212 336 3277 verbi
353 3209 585 3277 Consonantes
608 3210 719 3276 tribus
738 3211 912 3277 vocalibus
930 3216 1117 3293 moventur,
1143 3233 1225 3295 qua·

57 3351 137 3394 rum
160 3331 271 3414 prima
293 3335 328 3395 et
345 3327 466 3396 ultima
484 3350 614 3413 semper
637 3335 688 3395 est
709 3330 836 3422 Fatl1a3
857 3330 1035 3396 diversitas
1060 3333 1225 3397 secundae

58 3447 191 3536 vocalis
214 3448 346 3514 inducit
369 3449 548 3538 discrimen
570 3449 675 3514 verba
697 3451 878 3524 transitiva
901 3451 990 3517 inter
1008 3456 1042 3516 et
1063 3451 1225 3517 intransi·
1341 3459 1343 3464 '

57 3566 133 3632 tiva
168 3567 231 3633 hac
261 3567 349 3651 lege,
381 3573 434 3633 ut·
455 3568 609 3633 secunda
632 3569 793 3635 radicalis
819 3589 881 3653 per
906 3569 1016 3662 Fatlra
1043 3574 1136 3635 mota
1168 3570 1225 3636 de·

57 3684 173 3769 signet
201 3686 340 3752 verbum
363 3687 579 3754 transitivum
605 3689 698 3773 (raro
727 3688 1012 3773 intransitivum),
1035 3710 1096 3772 per
1122 3710 1224 3756 voca·

143 3972 172 4046 *)
184 3971 260 4033 Hinc
275 3967 348 4032 haec
363 3987 488 4048 persona
503 3990 560 4048 qua
575 3971 667 4032 forma
682 3972 764 4033 verbi
782 3972 997 4048 simplicissima
1010 3972 1222 4048 paradigmatis

58 4090 179 4133 munere
200 4072 347 4152 firn'gitur3
362 4077 464 4152 typum
483 4074 634 4135 verborum
649 4059 804 4136 voluerunt
817 4075 999 4152 grammatici
1020 4074 1123 4135 arabes
1140 4060 1221 4148 dat,

57 4173 100 4236 ita
115 4177 148 4238 ut
170 4173 292 4249 primam
312 4175 467 4236 radicalem
481 4192 533 4251 per
548 4172 598 4243 vj,
622 4177 780 4236 secandam
805 4193 857 4250 par
871 4200 909 4280 e,
939 4178 969 4236 et
991 4175 1107 4237 tertiam
1129 4159 1221 4252 perd

57 4279 169 4337 notent.
