2872 5028
230 281 271 344 44
385 291 426 345 II.
444 291 519 350 Pars.
540 291 581 347 De
599 291 757 348 Formarum
776 291 909 348 doctrina.
938 291 975 346 II.
994 289 1060 360 Cap.
1078 287 1119 344 De
1135 284 1242 342 Verbis.

309 457 359 519 13.
389 453 511 532 Forma
534 454 687 520 decima
712 455 838 520 tertia
855 454 1058 520 formature
1081 451 1191 518 forma
1208 448 1322 534 prima
1345 446 1394 511 in·

229 569 376 637 sertione
408 570 527 638 literae
553 621 572 680 7
604 574 792 658 geminatae
824 579 903 657 post
933 571 1113 640 secundam
1145 565 1331 634 radicalem
1364 570 1395 630 et

229 716 380 799 praefixo
398 717 526 801 primae
544 717 687 783 rediculi
704 739 827 785 vacuae
841 717 969 783 Hamza
986 715 1194 802 prosthetieo
1209 745 1234 763 =
1257 687 1368 819 iffi!

307 852 460 936 Utraque
493 851 615 918 ultima
646 855 756 918 forme
783 854 930 921 intendit
962 853 1029 918 vim
1066 850 1159 917 verbi
1192 847 1395 950 qualitatem

229 996 456 1066 inhaerentem
480 1020 538 1064 seu
562 999 757 1065 diuturnam
776 999 1012 1084 significantis,
1048 1013 1078 1062 v.
1099 1019 1130 1080 g.
1161 975 1398 1103 μμ,

231 1144 435 1226 asperrimus
454 1119 519 1208 fuit
538 1149 572 1208 et
591 1117 716 1253 Εζλὲὲ
735 1145 923 1230 implicavit
941 1166 975 1210 se
994 1143 1044 1208 rei
1061 1141 1266 1225 importune.

260 1321 262 1328 ⁴
313 1292 400 1352 Not.
416 1310 445 1354 a.
458 1293 530 1353 Tres
546 1293 665 1352 ultimae
680 1292 790 1354 formae
804 1293 952 1416 rOarissime
973 1257 1084 1352 tantum
1101 1292 1265 1351 occurrunt.

312 1428 392 1488 Not
409 1430 438 1490 b.
454 1429 573 1488 Nullum
588 1428 708 1489 verbnm
724 1432 778 1504 est,
797 1429 833 1489 de
856 1446 912 1504 quo
927 1415 984 1490 nno
1008 1443 1106 1488 omnes
1121 1426 1189 1487 illae
1204 1426 1313 1488 formae
1330 1441 1395 1484 ane·

228 1530 275 1587 tae
292 1528 357 1610 'sint
380 1529 516 1590 usitatae.

315 1647 342 1706 N
351 1650 395 1708 ot.
411 1665 436 1707 c.
453 1649 574 1710 Praeter
599 1649 716 1724 singula
729 1623 828 1722 rerba,
850 1667 924 1726 qnae
944 1650 1059 1724 passivo
1076 1665 1162 1709 sensu
1177 1665 1192 1706 e
1210 1644 1328 1706 notione
1345 1664 1393 1705 sua

229 1748 285 1810 dici
304 1752 462 1825 nequeunt,
486 1751 596 1812 formae
618 1751 668 1811 IX.
691 1754 721 1813 et
734 1753 798 1826 XL,
819 1751 887 1827 qnia
907 1750 1119 1812 intransitivum
1149 1765 1262 1824 semper
1290 1748 1395 1806 habant

229 1867 354 1926 sensum,
369 1852 486 1927 passiva
507 1851 720 1926 significatione
741 1855 848 1914 carent

460 2147 549 2232 §23.
583 2145 620 2230 b)
645 2145 694 2212 De
712 2146 846 2212 verbis
870 2143 1170 2230 quadriliteris.

306 2339 335 2398 l.
349 2355 352 2362 ’
365 2332 496 2416 Stirpes
523 2333 702 2399 verborum
731 2291 975 2416 quadriliterae
1006 2331 1205 2398 criunture
1238 2329 1393 2394 triliteris

228 2457 289 2518 eut
320 2452 491 2534 geminata
522 2471 590 2530 una
613 2451 817 2542 radiantium
845 2457 914 2516 aut
934 2450 1052 2515 addita
1081 2449 1197 2533 aliqua
1224 2448 1327 2513 litera
1353 2446 1392 2510 ad

228 2569 394 2634 radicales
414 2575 447 2635 et
471 2576 659 2652 sequuntur
676 2592 828 2636 normam
847 2569 1083 2635 triliterorum.

277 2709 333 2770 ¹2.
364 2706 508 2771 Formae
537 2706 837 2790 quadriliterorum
870 2706 1049 2772 verborum
1081 2703 1217 2769 nonnisi
1247 2711 1390 2788 quatuor

226 2830 305 2890 sunt
327 2829 519 2910 receptaez·

353 2968 463 3034 forma
488 2976 516 3035 1.
547 2945 641 3057 ‘ideis‘
817 2955 927 3035 forma
944 2971 974 3030 3.
996 2943 1124 3077 Νι

355 3113 464 3180 forma
482 3121 511 3181 2.
533 3093 644 3202 Min
822 3115 978 3181 formai.
1009 3075 1118 3222 mi

265 3242 268 3248 ¹
309 3263 387 3326 Not.
410 3281 435 3324 a.
459 3265 719 3340 secundamque
738 3264 908 3342 praefigitur
924 3281 973 3331 mr,
993 3278 1110 3322 sensum
1131 3263 1220 3323 habet
1235 3263 1387 3337 passivum,
1421 3261 1422 3348 t

225 3362 416 3438 reciprocum,
433 3365 607 3426 intensivum
630 3383 745 3442 qnoque
766 3370 796 3427 et
812 3365 1019 3440 correspondet
1033 3363 1140 3438 iormae
1156 3363 1275 3440 quintae
1289 3364 1388 3426 trilite·
1421 3353 1422 3444 i

225 3525 329 3584 rorum,
342 3526 366 3567 v.
378 3527 408 3584 g.
426 3480 578 3637 Ussda
587 3512 737 3572 revolutus
748 3512 805 3572 fuit
821 3513 899 3573 etse
915 3509 1071 3571 revolvite
1087 3480 1212 3636 0ζᾶ
1228 3511 1356 3572 revolvit.

309 3661 385 3721 Not.
400 3663 429 3724 b.
451 3665 554 3724 Forma
574 3665 662 3726 tertia
681 3645 933 3742 quadriliterorum
949 3662 1052 3724 similis
1072 3665 1119 3723 est
1131 3663 1239 3724 fornae
1255 3665 1386 3738 septimae

226 3819 415 3884 triliterorum
446 3841 511 3885 curn
541 3825 755 3902 significatione
789 3827 983 3905 intransitiva,
1011 3846 1036 3889 r.
1053 3845 1082 3904 g.
1105 3794 1264 3923 &affigi
1290 3827 1386 3886 robus·

227 3927 345 3984 tuaest.
1421 3933 1422 3960 ¹

308 4028 387 4087 Not.
420 4045 444 4088 c.
467 4028 571 4088 Forma
601 4031 703 4106 quarta
725 4033 858 4092 convenit
887 4049 951 4092 cnm
983 4032 1076 4090 forma
1106 4047 1183 4090 nona
1203 4029 1385 4092 triliterorum

223 4129 364 4204 notatque
388 4128 580 4193 intensionem
601 4132 631 4191 et
651 4134 846 4194 extensionem
867 4134 1016 4194 maximam
1038 4130 1163 4193 actionis
1192 4130 1385 4209 intransitivae

223 4273 270 4333 rel
283 4273 484 4354 proprietatis,
500 4294 524 4337 r.
541 4295 568 4352 g.
585 4225 703 4391 {ittig
716 4297 825 4341 summo
840 4281 959 4342 horrore
975 4280 1127 4355 correptus
1144 4279 1199 4340 est.
1271 4294 1281 4317 ·
