2872 5028
529 387 562 398 -
597 355 678 411 XVII
713 387 746 395 -

44 520 147 586 dium
167 521 345 586 literarum
364 540 422 584 scu
438 519 657 585 scientiarum
670 538 764 583 amor
782 515 921 582 tertium
933 501 1078 600 occupat
1097 515 1226 598 locum}

44 671 131 714 nam
151 649 218 733 ipsi
236 647 406 732 principes
424 647 534 712 literis
553 665 673 713 vacare
692 667 759 711 non
778 643 1061 728 dedignabantur.
1082 643 1225 710 Saeculo
1261 704 1264 709 .

43 801 84 862 p.
100 777 163 843 Oh.
183 782 278 842 sexto
296 775 414 840 Ochad
432 774 526 841 locus
541 774 676 839 concilii
695 777 778 854 erat,
795 773 853 839 ubi
870 771 1102 858 Olympiorum
1116 770 1227 836 instar

47 906 93 970 de
114 904 234 970 laurea
253 902 473 986 adipiscenda
491 901 733 969 concertabant
756 900 918 965 scientiae
948 900 1107 967 cultores.
1144 898 1225 965 Gar-

46 1032 162 1112 rnina‚
183 1050 269 1115 quae
295 1030 481 1114 applausus
499 1028 701 1097 universalis
727 1028 831 1112 digna
854 1032 1074 1112 reputaverat
1096 1025 1225 1109 laurea,

47 1159 163 1225 literis
190 1158 339 1223 aureatis
364 1159 400 1251 in
423 1157 529 1223 serico
554 1157 834 1242 imprimebantur
858 1161 892 1220 et
910 1153 1105 1222 solemniter
1124 1176 1224 1222 orna·

49 1286 162 1352 menti
190 1285 303 1370 gratia
329 1285 365 1350 in
393 1285 588 1351 sanctuario
616 1285 750 1351 Meccae
777 1282 966 1368 parietibus
999 1282 1226 1368 affigebantur

50 1415 201 1498 ideoque
219 1412 465 1504 Elmosahabht
485 1412 670 1498 (colorata)
689 1417 749 1478 aut
768 1403 998 1504 Elmoallahat
1023 1411 1224 1496 (suspensa)

53 1541 244 1626 appellata,
272 1562 420 1624 quorum
430 1545 558 1624 septem
572 1563 653 1626 prae
667 1540 807 1624 reliquis
822 1546 902 1604 sunt
920 1545 1003 1632 nota
1026 1545 1060 1604 et
1077 1536 1224 1604 celeber-

16 1685 19 1691 ·
52 1671 156 1734 rima.
199 1667 282 1734 Cum
301 1667 435 1734 saeculo
460 1674 620 1752 sequente
639 1667 902 1748 Muhammedes,
926 1666 1101 1752 religionis
1119 1666 1226 1732 refor-

49 1802 178 1877 mator,
209 1794 377 1861 Coranum
402 1795 658 1879 conscripsisset
681 1796 745 1859 hac
768 1796 802 1860 in
827 1793 987 1874 dialecto,
1017 1794 1094 1877 ipsa
1115 1793 1228 1876 potita

51 1930 108 1989 est
127 1922 312 1989 universali
323 1922 501 2021 privilegio
521 1928 555 1987 et
573 1922 695 1988 abhinc
713 1922 868 1988 iactaest
888 1922 1063 1988 dominans
1082 1921 1225 1986 inlibris

50 2059 87 2118 et
113 2053 148 2116 in
173 2073 241 2118 ore.
293 2051 458 2117 Periodus
483 2049 567 2116 haec
594 2056 672 2114 ante
699 2049 982 2128 Muhammedem,
1020 2069 1088 2132 qua
1115 2048 1226 2134 poesis

51 2180 201 2246 maxime
219 2177 349 2257 floruit,
370 2178 424 2242 cui
442 2177 598 2258 historia,
619 2176 826 2262 genealogia,
851 2198 946 2243 amor
965 2177 1086 2243 atrita
1109 2181 1225 2260 pasto·

52 2308 141 2372 ricia
169 2311 248 2372 sunt
271 2307 400 2390 juncta,
429 2305 549 2372 merito
572 2303 709 2388 linguae
738 2305 895 2370 arabicae
925 2311 1018 2370 aetas
1048 2325 1152 2370 aurea
1175 2310 1227 2370 est

51 2433 272 2521 appellanda.

133 2570 266 2636 Abhinc
293 2568 538 2634 Muhammedis
561 2574 714 2652 tempore
733 2574 768 2632 et
785 2569 986 2653 praeprimis
1006 2567 1223 2634 (1111111111-

53 2697 211 2781 ceptione
238 2696 356 2782 lingua
381 2669 518 2762 arabica
541 2697 676 2767 initium
700 2694 898 2762 deflectendi
923 2697 1049 2782 coepit3
1075 2694 1225 2762 Coranus

52 2825 144 2890 enirn
162 2829 324 2910 tanquam
339 2824 426 2889 liber
449 2825 582 2890 divinae
596 2823 824 2903 revelationis,
845 2823 1112 2890 aMuhammede
1130 2828 1164 2888 et
1182 2823 1224 2888 ab

52 2955 126 3036 ejus
156 2951 292 3018 asseclis
322 2973 390 3035 qua
413 2973 498 3036 opus
523 2951 673 3017 divinum
696 2951 798 3035 idque
827 2950 1110 3036 perfectissimum
1138 2950 1223 3016 cele-

51 3082 235 3161 brabatur,
260 3081 300 3145 de
325 3081 418 3164 cujus
442 3079 609 3144 scribendi
634 3084 667 3142 et
698 3079 909 3163 concipiendi
928 3079 1028 3145 modo
1048 3077 1224 3145 deflectere

52 3208 150 3274 nefas
169 3211 253 3288 erat,
273 3209 424 3290 quamvis
444 3209 542 3291 longe
562 3207 711 3289 abesset,
735 3213 775 3271 ut
793 3207 945 3274 Coranus
964 3207 1098 3273 interna
1117 3214 1150 3274 et
1169 3229 1224 3274 ex·

53 3343 153 3402 terna
172 3311 336 3420 gauderet
358 3337 580 3419 perfectione,
600 3341 639 3400 ut
658 3335 793 3418 farrago
818 3357 858 3402 ex
882 3335 991 3400 minus
1015 3333 1166 3401 honestis
1191 3342 1225 3400 et

53 3462 171 3530 multis
190 3461 299 3544 malie,
319 3463 470 3548 plebejiS,
489 3463 723 3529 indecentibus
738 3461 1011 3547 expressionibus
1026 3467 1115 3527 esset
1135 3484 1223 3528 com·

53 3582 179 3676 pilata.¹
218 3589 278 3655 Ast
304 3589 455 3654 Coranus
478 3612 545 3656 non
559 3590 660 3690 ‘solus
689 3595 763 3654 erat
784 3589 921 3672 linguae
944 3588 1062 3654 ruinae
1092 3595 1221 3657 auctor.

54 3718 183 3784 Arabes
201 3738 307 3783 norae
326 3717 500 3802 religionis
526 3717 673 3784 zelantes
696 3717 832 3802 populis
860 3715 1012 3782 finitimis
1034 3716 1224 3783 intulerunt

53 3846 146 3912 bella
164 3844 374 3930 gravissima,
390 3867 477 3928 quae
490 3851 578 3913 teste
596 3846 805 3930 experientia
819 3845 924 3910 Musis
943 3845 1079 3909 minime
1094 3845 1222 3925 favent3

53 3975 119 4058 ipsi
138 3972 274 4056 quidem
294 3974 370 4038 aliis
388 3974 541 4038 in'terris
559 3973 667 4039 multa
686 3975 877 4041 didicerunt
893 3977 928 4037 et
947 3971 1101 4038 omnibus
1116 3973 1227 4038 scien·-

53 4103 122 4166 tiae
141 4100 333 4185 generibus,
353 4101 418 4165 uti:
445 4100 695 4185 Philosophiae,
717 4101 986 4181 Mathematicae‚
1006 4099 1222 4184 Astrologiae

54 4235 117 4295 etc.
147 4249 182 4294 se
206 4228 385 4308 dederunt,
405 4199 548 4314 gloriam
568 4235 681 4295 autem
705 4231 778 4296 aevi
797 4229 891 4294 aurei
910 4228 1045 4293 minime
1063 4233 1223 4312 poterant

55 4356 199 4440 amplius
219 4355 362 4439 adipisci
382 4359 496 4422 eorum
508 4357 674 4422 doctores
695 4357 847 4422 Imitatio
868 4355 1023 4420 elementi
1038 4354 1218 4439 peregrini,

55 4488 190 4574 cultura
215 4481 338 4548 Corani
371 4505 471 4550 caeca
493 4505 554 4550 nec
576 4506 644 4551 non
673 4485 836 4550 admixtio
861 4483 998 4549 serioris
1020 4480 1219 4548 literaturae
1278 4531 1281 4538 .

26 4643 31 4657 .
95 4611 467 4666 zsen01r0,1nertue.1rng.
482 4613 545 4656 arae.
1044 4591 1068 4646 Β
