2872 5028
199 325 237 384 18
333 327 356 385 Ι.
371 327 448 385 Pars.
463 327 504 383 De
517 324 681 382 hiemantis.
698 325 720 380 1.
734 323 800 396 Cap.
819 323 992 386 Deiectiono
1007 327 1036 380 ot
1048 323 1255 396 orthographia.

246 491 283 578 d)
311 464 484 556 nominum
518 494 552 553 et
578 488 783 568 verborum·
798 488 829 552 si
856 451 1029 572 praeeedit
1054 487 1169 554 eadem
1207 485 1385 572 particula

315 632 561 716 interrogativa
576 590 600 713 l,
620 655 651 698 v.
667 655 698 717 g,
713 589 806 720 &iil
818 653 898 696 num
918 631 1009 697 filius
1029 633 1132 697 tuus?
1154 589 1378 746 ᾡὶὖὲἷηιιηι

316 752 504 819 monuisti?

283 885 363 943 Not
387 884 519 944 Ceterum
531 883 647 957 signum
662 883 718 943 hoc
733 900 839 958 magna
853 877 951 943 rarius
964 881 1104 974 scribitur
1118 883 1293 957 consuetis,
1312 900 1383 943 cum

199 985 293 1062 quivis
307 984 428 1060 linguae
442 984 562 1059 peritior
577 985 699 1060 probum
714 983 832 1060 legendi
846 999 931 1044 usum
946 983 1034 1046 facile
1049 1001 1064 1044 a
1080 999 1153 1044 nexu
1169 977 1276 1046 videat.

200 1227 218 1310 ξ
242 1229 272 1290 5.
305 1225 362 1290 De
388 1224 674 1292 distinctionis
699 1225 832 1308 signis
858 1246 925 1290 seu
950 1200 1381 1310 Interpunctionibus·
1416 1207 1430 1290 ,Ἴ

258 1394 516 1463 .Distinctionis
536 1395 633 1478 signa
650 1395 685 1458 in
702 1393 901 1478 vulgaribus
920 1393 1069 1474 Arabum
1088 1395 1224 1480 scriptis
1242 1396 1298 1462 vix
1319 1401 1384 1461 aut

200 1534 242 1578 ne
260 1512 315 1577 vix
334 1513 470 1598 quidem
489 1513 524 1576 in
543 1534 605 1577 usu
626 1517 721 1592 sunt3
746 1533 832 1596 quae
856 1511 891 1578 in
911 1511 1034 1582 Corani
1055 1511 1302 1598 exemplaribus
1323 1535 1382 1580 oc-

202 1635 357 1710 currunt,
383 1631 525 1696 maxime
549 1630 695 1696 variant.
737 1629 853 1695 Finem
871 1630 1051 1716 pericopae
1071 1631 1207 1716 majoris
1226 1632 1383 1698 indicant

203 1749 300 1832 signa
323 1811 333 1831 ‚
463 1762 485 1828 ζ·
510 1757 543 1824 οξ·
567 1756 599 1827 ζζ
622 1747 663 1831 1}
686 1751 732 1824 Θ.
767 1746 850 1812 Cum
869 1749 1007 1833 publica
1025 1749 1148 1815 Corani
1166 1749 1266 1816 lectio
1287 1751 1382 1836 apud

204 1867 502 1934 Muhammedanos
512 1872 600 1934 esset
615 1867 879 1948 accuratissima,
898 1873 1009 1946 certae
1019 1868 1139 1934 literae
1149 1868 1246 1934 lineis
1261 1891 1382 1954 super-

204 1987 351 2073 scriptae
386 2007 510 2072 pausas
548 1987 713 2060 docebant
744 1986 914 2070 longiores
940 1987 1183 2070 'brevioresque
1212 1987 1246 2052 in
1278 2010 1380 2072 prae-

207 2130 348 2216 legendo
373 2131 618 2212 observandas3
646 2133 695 2196 sic
710 2108 890 2247 {indicat
916 2149 1058 2214 pausam
1081 2130 1315 2212 necessariam,
1343 2109 1380 2202 i}

206 2270 347 2336 pausam
363 2249 404 2315 ab
420 2249 573 2315 omnibus
589 2249 751 2333 agnitam,
771 2254 796 2268 ”
819 2268 959 2332 pausam
973 2270 1035 2332 pro
1050 2248 1164 2314 lubitu
1180 2249 1381 2332 faciendam,

207 2371 245 2474 bl,
263 2391 401 2484 quando
420 2413 529 2477 pausa
546 2414 613 2458 non
632 2397 745 2476 potest
763 2390 888 2455 habere
906 2412 1015 2456 usum.

576 2697 579 2706 ,
644 2632 712 2714 §ta
741 2629 939 2696 DeTono.

284 2783 396 2848 Tenus
427 2781 501 2866 (qui
533 2781 701 2866 postulat,
729 2788 768 2846 ut
798 2782 841 2846 ad
865 2781 1044 2867 syllabam,
1073 2782 1128 2848 cui
1151 2782 1239 2848 inest
1265 2788 1382 2865 tonus,

208 2901 383 2989 paululum
413 2921 488 2967 cum
513 2900 629 2985 aliqua
651 2901 743 2967 vocis
771 2900 917 2968 elatione
940 2901 1129 2980 insistatur,
1159 2901 1240 2985 quin
1265 2905 1383 2968 tamen

207 3020 439 3107 protrahatur,
460 3019 551 3102 quod
565 3019 604 3082 fit
622 3019 658 3083 in
672 3019 804 3104 syllaba
822 3018 939 3105 longa)
958 3041 999 3084 ex
1017 3019 1093 3104 ipsa
1110 3018 1246 3102 linguae
1264 3020 1384 3088 indole

208 3139 423 3224 aliquatenus
438 3137 509 3223 jam
527 3138 684 3220 cognosci
702 3143 825 3222 potest.
859 3138 944 3203 Nam
962 3137 1081 3220 lingua
1099 3139 1237 3204 arabica
1256 3161 1385 3206 sonora

208 3265 242 3326 et
256 3257 421 3324 concinna
434 3262 552 3323 tonum
567 3255 752 3340 simplicem
767 3261 800 3321 et
814 3256 1014 3322 concinnum
1023 3255 1126 3322 habet
1140 3279 1157 3323 e
1172 3258 1385 3342 syllabarum

208 3377 342 3443 rationo
360 3380 481 3460 sponte
500 3395 562 3439 sua
580 3373 749 3439 liuentem.
778 3373 861 3441 Oum
881 3373 1112 3442 Consonautes
1131 3394 1245 3442 vocem
1263 3377 1383 3441 tormi-

208 3501 327 3562 nantes
358 3493 467 3561 vocali
503 3492 598 3560 brevi
630 3490 848 3577 pronunciari
879 3479 1017 3576 linguae
1048 3493 1219 3578 elegantia
1248 3493 1382 3579 jubeat,

209 3621 309 3680 tonus
335 3614 377 3679 ab
400 3611 523 3678 ultima
545 3610 677 3694 syllaba
700 3611 859 3677 continuo
883 3612 1025 3692 recedit,
1051 3614 1119 3695 qua
1141 3613 1175 3678 in
1201 3635 1237 3678 re
1261 3611 1384 3696 lingua

210 3733 347 3800 arabica
369 3727 490 3797 ceteris
513 3728 673 3795 semiticis
696 3736 748 3794 est
771 3708 956 3796 dissimilis
998 3731 1231 3797 Penultima
1253 3731 1383 3816 itaque,

210 3852 239 3918 si
258 3851 361 3935 longa
379 3855 440 3931 est,
471 3854 646 3914 accentum
665 3869 724 3912 seu
742 3854 859 3915 tonum
877 3851 969 3917 vocis
987 3855 1080 3915 tenet
1097 3851 1321 3934 potissimum,
1343 3858 1385 3916 ut

211 3960 296 4106 ἀγὸς
310 3993 446 4088 jahilu3
470 3995 499 4060 si
516 3994 637 4074 brevis,
657 3998 814 4059 accentus
833 3993 1194 4079 antepenultimam
1213 3995 1292 4062 ferit
1311 3994 1384 4060 sive

211 4142 357 4226 longam,
376 4139 446 4207 sive
463 4140 609 4219 brevem,
629 4162 658 4204 v.
678 4161 710 4224 g.
732 4115 816 4226 3313
834 4145 868 4205 et
887 4116 957 4226 [iss
972 4140 1099 4234 haiala.

294 4291 322 4350 N
330 4293 374 4351 ot.
399 4307 423 4350 a.
455 4288 486 4350 Si
501 4290 575 4350 duae
590 4289 620 4348 in
636 4290 736 4350 eadem
750 4307 819 4351 voco
835 4294 992 4378 occurrunt
1007 4256 1269 4368 syllabaelongao,
1291 4293 1382 4352 tonus
1431 4281 1432 4284 ’

212 4433 289 4496 sedit
303 4435 333 4494 in
347 4432 511 4516 posteriori,
526 4435 560 4493 ut
575 4384 706 4533 0512&
721 4432 866 4512 potelius.
