2872 5028
222 306 262 368 22
330 310 353 368 I.
366 311 434 366 Pers
460 312 501 368 De
513 311 677 367 lilementis.
697 311 734 366 Il.
749 309 815 382 Cap.
832 312 872 368 De
886 307 1004 366 Censen.
1019 314 1047 364 et
1058 307 1155 364 Vccal.
1168 305 1320 378 permutat.

345 474 447 539 litera
464 473 581 540 eadem
600 472 696 558 prior
712 473 876 557 insignita
893 479 945 539 est
964 480 1011 546 L
1031 471 1201 563 (Damma)
1222 472 1300 534 ante
1321 484 1410 530 eon-

327 652 585 717 cantrationem
610 650 750 730 factam
776 650 855 716 hinc
878 671 918 716 ex
943 614 1039 740 3522
1069 649 1108 714 fit
1133 617 1214 746 ἅζ.
1260 644 1296 710 Si
1320 659 1409 706 vero

341 811 436 895 prior
459 811 602 876 istarum
625 810 801 877 literarum
821 811 925 877 habet
944 810 1092 876 vocalem
1118 813 1163 876 ί.
1180 804 1231 873 vel
1252 841 1311 888 7,
1333 821 1410 885 qua

337 930 467 997 vocalis
497 925 672 995 auxiliaris
702 929 828 995 assumi
855 935 968 1013 potest
995 936 1067 994 tum
1092 934 1141 994 .‘.
1165 934 1237 992 tum
1262 959 1312 1008 ·5·
1338 941 1408 1004 pro

341 1075 463 1157 rubra,
484 1098 515 1139 v.
530 1098 562 1159 g.
575 1085 652 1196 ᾖ,
674 1051 765 1172 0222.

304 1252 387 1311 Not.
410 1267 436 1310 a.
467 1251 550 1310 Haec
563 1249 768 1311 'concontratio
791 1247 854 1308 fieri
874 1248 991 1324 nequit,
1012 1244 1069 1306 nisi
1091 1245 1120 1304 in
1140 1244 1195 1305 line
1213 1243 1306 1314 vocis,
1332 1242 1409 1318 quia

222 1369 307 1416 secus
336 1351 571 1414 concentratione
598 1349 678 1412 facta
706 1351 780 1409 duee
805 1348 909 1410 literae
932 1365 1042 1408 vacuae
1070 1349 1291 1419 concurrerent,
1322 1345 1407 1419 qnod

224 1540 308 1602 nefas
325 1542 386 1613 est,
401 1557 429 1600 v.
444 1557 472 1614 g.
497 1504 631 1605 &Sela
651 1554 707 1596 non
726 1502 838 1602 ramat
861 1535 923 1596 llari
939 1537 1036 1596 autem
1051 1537 1148 1611 potest
1162 1534 1192 1594 in
1207 1536 1263 1595 boc
1280 1551 1363 1609 casn,
1381 1534 1406 1592 si

1340 1628 1356 1659 ὓ

222 1685 297 1746 inter
312 1684 427 1744 literam
444 1683 686 1743 concentmndam
702 1686 732 1744 et
747 1682 972 1754 subsequentem
988 1679 1126 1738 inseritur
1137 1700 1188 1763 &³
1207 1680 1249 1739 uti
1265 1647 1404 1756 &aba

241 1824 242 1830 ¹
308 1803 390 1862 Not.
414 1802 442 1861 b.
473 1801 538 1861 Huc
555 1804 669 1878 spectat
692 1799 890 1862 concontratio
912 1798 1064 1860 literarum
1080 1796 1217 1858 solarium
1232 1799 1405 1858 immediate

220 1907 288 1981 post
302 1902 455 1964 articulum
474 1903 549 1977 (vide
564 1907 581 1979 p
594 1903 624 1962 4.
641 1905 671 1964 O.
688 1902 766 1978 ab.)
783 1883 879 1968 lacta3
895 1898 1028 1959 innititur
1043 1899 1117 1958 haec
1133 1885 1332 1961 concenlratio
1348 1918 1403 1960 eu-

221 2006 346 2081 phoniae
367 2003 492 2078 legibus,
516 2025 580 2068 oum
603 2023 655 2082 per
669 2004 749 2063 illam
765 2003 876 2079 gratior
895 2001 1071 2076 producatur
1088 2001 1299 2075 pronunciatio,
1325 2021 1404 2077 qnae

221 2106 419 2167 concentratic
440 2108 470 2166 in
491 2107 817 2183 pronunciatione
833 2106 934 2176 audit,
958 2094 1097 2178 quianon
1113 2101 1141 2168 in
1159 2105 1323 2180 scribendo,
1347 2106 1404 2163 sed

221 2209 250 2268 in
272 2208 397 2283 legendo
423 2209 537 2269 tantum
561 2207 745 2283 applicatum
773 2207 972 2266 consideratur
995 2203 1069 2264 enim
1093 2204 1179 2264 litere
1206 2189 1404 2281 (denticuli)

221 2309 398 2371 Consonanti
419 2311 509 2370 solari
532 2310 762 2371 concontrandae
785 2307 964 2382 praecedens
986 2305 1068 2382 qnasi
1092 2307 1198 2368 absens
1219 2310 1404 2379 econtextu,

219 2452 288 2514 binc
303 2452 362 2514 ista
376 2453 461 2514 litera
474 2451 553 2514 nullo
570 2452 654 2529 signo
671 2433 776 2514 dorma
791 2454 837 2513 est
857 2451 1011 2530 signanda,
1026 2470 1053 2510 v.
1066 2470 1095 2528 g.
1114 2395 1205 2561 :epi
1218 2470 1275 2513 non
1294 2397 1400 2563 &JK

293 2629 311 2711 p
333 2632 382 2692 10.
418 2626 473 2692 De
496 2625 709 2691 literarum
735 2625 989 2702 infirmarum
1014 2625 1320 2691 mutationibus.

298 2766 330 2849 l)
354 2762 489 2828 Literaa
513 2761 667 2827 infirmae
693 2783 752 2827 seu
776 2759 954 2868 debiles„
980 2796 1027 2857 &⁹
1053 2761 1061 2834 l
1086 2766 1224 2826 externo
1250 2761 1400 2827 influxui

220 2881 303 2946 adeo
328 2886 408 2946 sunt
431 2880 606 2961 obnoxiae,
631 2885 670 2946 ut
692 2902 760 2946 non
779 2901 857 2946 raro
881 2880 916 2944 in
935 2879 1217 2964 pronunciatione
1241 2886 1398 2964 potesta·

217 3004 286 3064 tem
316 2997 582 3086 Consonantium
615 2999 775 3065 amittant
803 3005 837 3065 et
864 3020 932 3084 qua
954 2997 1086 3064 vocales
1113 2999 1397 3083 pronunciantur,

219 3118 370 3201 quamvis
395 3117 598 3198 scribantur,
628 3122 688 3182 ant
713 3117 802 3182 inter
829 3139 864 3184 se
891 3122 1137 3203 permutentur,
1168 3125 1228 3184 aut
1256 3120 1397 3184 omnino

220 3236 427 3320 dispareant.
465 3235 606 3312 Quando
631 3235 750 3302 literae
773 3236 925 3301 infirmae
952 3234 987 3300 in
1015 3237 1133 3321 lingua
1159 3238 1297 3324 arabica
1324 3260 1396 3302 non

221 3354 342 3434 minus,
366 3373 467 3438 quam
490 3354 524 3417 in
544 3353 682 3437 reliquis
701 3355 827 3438 linguis
851 3354 1011 3438 semiticis
1029 3355 1193 3420 influxum
1214 3357 1396 3440 quemdam

219 3472 399 3555 patiuntur
416 3493 439 3537 a
452 3471 561 3538 vocali
580 3480 766 3554 causatum,
786 3473 869 3538 haec
887 3473 1012 3541 vocalis
1031 3475 1225 3542 necessario
1239 3477 1396 3560 proxime

143 3585 145 3590 ’
219 3590 421 3674 praecedere
446 3590 565 3668 debet3
591 3590 669 3656 hinc
686 3592 805 3657 literae
829 3591 971 3677 alicujus
994 3592 1139 3659 mutatio
1167 3592 1313 3658 avocali
1334 3595 1394 3658 de-

218 3709 367 3792 pendens
386 3729 557 3793 nunquam
581 3731 601 3775 a
618 3711 709 3777 vocis
728 3709 826 3776 initio
846 3709 1088 3792 incumbebat,
1114 3711 1226 3778 sedin
1245 3685 1394 3780 vocabu-

219 3826 331 3893 lorum
350 3826 416 3892 fine
434 3833 468 3892 et
487 3827 595 3894 medio
614 3834 758 3894 tantum.

298 3950 330 4033 2)
356 3945 516 4030 Regulae,
541 3947 663 4032 quibus
682 3970 795 4014 omnes
814 3947 990 4014 literarum
1009 3948 1220 4016 infirmarum
1237 3949 1391 4017 innitun-

221 4070 279 4131 tur
301 4065 542 4150 proprietates,
568 4065 611 4132 ad
630 4068 818 4152 euphoniae
841 4067 949 4149 legem
971 4087 1162 4150 supremam
1185 4069 1395 4135 reducantur

222 4188 373 4268 oportet3
396 4185 602 4249 mutationes
621 4185 719 4267 enim,
744 4205 828 4271 quas
846 4184 993 4250 subeunt
1010 4184 1130 4252 literae
1147 4186 1311 4265 infirmae,
1337 4186 1389 4254 in-

222 4303 414 4370 stituuntur
430 4323 469 4368 eo
488 4301 563 4382 fine,
589 4307 627 4367 ut
645 4301 776 4384 gratior
793 4301 993 4387 faciliorque
1015 4310 1217 4385 procuretur
1239 4327 1390 4389 pronun-

222 4420 335 4487 ciatio.
376 4419 524 4503 Regulae
549 4426 660 4486 autem
683 4420 769 4488 istae
792 4421 836 4487 ad
858 4421 1043 4505 simplicem
1066 4402 1231 4490 theoriam
1254 4425 1310 4490 rix
1335 4447 1388 4490 re·
